2296 3445
1154 353 1214 397 12

275 480 466 532 plicarent‚
494 483 536 516 ut
561 476 740 514 vertenda
764 476 950 514 dicerent:
985 473 1173 526 Euryclea
1200 487 1310 525 quum
1337 473 1501 512 indicare
1526 473 1738 527 Penelopae
1767 476 1900 524 vellet,
1930 480 2059 531 eonju-

273 558 355 597 gem
383 546 463 596 ejus
488 543 589 580 intus
616 554 711 588 esse,
742 541 786 579 ad
814 553 894 579 eam
920 552 960 578 se
986 540 1183 578 convertit.
1242 538 1317 578 Sed
1343 539 1408 577 tali
1436 540 1544 578 modo
1574 541 1635 591 qui
1660 542 1773 579 verba
1796 542 1969 589 reddunt,
1997 555 2060 593 pa·

273 624 356 649 rum
383 608 585 648 attendisse
611 605 785 644 videntur
819 605 863 644 ad
890 604 1134 643 locutionem:
1191 606 1381 657 ἑςέδρακεν
1409 603 1697 657 ὀφθαλμοῖσιν,
1732 620 1802 657 qua
1837 606 1904 645 hoe
1938 607 2060 646 dicere

274 679 418 725 poetam
447 672 630 710 voluisse:
661 671 787 709 oculos
814 669 1001 721 Euryclea
1027 669 1066 706 in
1081 667 1270 719 Penelope
1299 669 1427 707 defixit
1452 670 1530 708 sive
1558 669 1673 708 oculis
1687 668 1901 722 Penelopen
1927 672 2062 711 intuita

276 745 358 783 est,
393 750 500 774 nemo
528 736 619 782 erit,
658 736 746 785 quin
773 734 971 779 concedat,
1009 733 1080 770 nisi
1114 734 1175 783 qui
1208 734 1253 771 ad
1279 735 1556 773 monstrandam
1582 735 1740 784 aliquam
1766 748 1843 773 rem
1872 735 2062 774 oculorum

273 809 367 848 nutu
394 800 446 838 uti
474 800 640 838 homines
666 812 773 851 posse
801 797 1004 850 negaverit.
1035 793 1114 847 (Cf.
1132 795 1351 836 Plaut.Mil.
1368 798 1463 850 glor.
1491 798 1532 847 2,
1550 798 1588 847 1,
1608 797 1699 838 45.:
1730 798 1793 837 ille
1818 798 1962 851 aspexit
1988 812 2061 848 me,

276 867 393 906 oculis
419 865 508 903 mihi
533 864 678 915 signum
705 863 822 910 dedit,
859 876 906 900 ne
942 875 983 900 se
1016 862 1270 913 appellarem.)
1323 860 1509 900 Videntur
1542 865 1687 915 quidem
1714 864 1797 902 huie
1827 865 1920 914 loci,
1955 877 2062 916 quem

275 935 314 972 in
345 932 513 970 manibus
541 930 730 975 habemus,
761 929 998 979 explicationi
1026 941 1231 977 repugnare
1260 928 1336 973 illa,
1368 942 1459 977 quae
1489 930 1664 979 leguntur
1688 945 1725 968 v.
1756 930 1853 977 4803
1884 944 1968 968 nam
1992 943 2062 979 qua

275 998 348 1037 alia
374 1002 497 1035 mente
524 995 647 1033 fauces
666 992 874 1045 Eurycleae
902 1007 1007 1044 quam
1037 991 1227 1029 celerrime
1253 998 1372 1042 potest
1397 1005 1563 1043 premere
1591 990 1721 1032 Ulixes
1749 995 1885 1042 studet,
1917 994 1988 1033 nisi
2016 1007 2063 1033 ne

274 1067 509 1115 praematuro
534 1059 599 1097 illa
621 1058 757 1097 indicio
783 1057 912 1108 prodat
938 1057 1055 1108 ipsum
1085 1056 1284 1107 perdatque
1311 1056 1585 1108 prohibiturus?
1632 1056 1708 1097 Sed
1735 1059 1821 1098 lieet
1847 1059 1951 1099 facile
1976 1073 2064 1099 eon·

275 1127 467 1171 cedamus,
506 1123 793 1174 significationes
827 1122 910 1159 illas
943 1120 1151 1172 Eurycleae
1185 1134 1232 1158 ne
1259 1122 1568 1160 animadverteret
1594 1136 1705 1172 quum
1733 1124 1906 1175 impedita
1932 1125 2064 1163 divini-

275 1199 336 1231 tus
362 1188 551 1239 Penelope
577 1193 695 1234 esset,
731 1185 854 1224 verbis
883 1186 928 1223 ad
955 1185 1012 1232 id,
1047 1185 1142 1236 quod
1178 1185 1346 1233 volebat,
1383 1186 1619 1237 aperiendum
1658 1188 1759 1226 nulla
1785 1202 1889 1228 mora
1914 1202 2063 1228 usuram

277 1255 460 1296 aniculam
489 1253 616 1299 fuisse,
647 1259 770 1289 tamen
798 1263 890 1301 quae
916 1264 953 1288 v.
984 1249 1078 1288 478.
1109 1251 1222 1288 verba
1249 1251 1495 1301 praecedunt:
1536 1251 1558 1303 ᾖ
1584 1251 1614 1292 δ’
1641 1250 1716 1293 οὔτ’
1744 1252 1914 1306 α’θρῆσαι
1941 1252 2064 1295 δύνατ’

276 1321 397 1374 ius-ln,
424 1314 511 1360 οὔτε
535 1318 684 1369 νοῆσαι,
723 1328 788 1364 ea,
827 1314 898 1353 nisi
928 1314 1075 1353 tacitam
1102 1314 1201 1354 illam
1228 1328 1360 1354 servae
1386 1315 1646 1355 allocutionem
1674 1325 1924 1370 antegressam
1951 1321 2064 1359 fuisse

276 1397 488 1431 sumamus,
528 1394 680 1434 prorsus
707 1393 805 1420 vana
832 1393 874 1418 ac
902 1380 1086 1431 superflua
1113 1393 1194 1420 esse
1220 1393 1328 1419 nemo
1357 1393 1432 1419 non
1459 1380 1654 1434 intelliget.
1737 1381 1780 1422 Si
1807 1384 1943 1436 igitur,
1979 1384 2064 1436 quid

277 1465 347 1491 nos
375 1451 418 1489 de
446 1449 502 1488 his
535 1446 704 1486 versibus
739 1446 964 1493 sentiamus,
1001 1446 1169 1497 quaeris,
1208 1445 1277 1484 hoc
1311 1446 1418 1485 modo
1451 1453 1568 1485 actam
1601 1460 1680 1487 rem
1715 1462 1795 1488 esse
1827 1450 2062 1489 arbitramur.

274 1517 508 1557 Narraverat
533 1510 665 1550 Ulixes
693 1512 732 1549 in
760 1524 819 1559 eo,
839 1524 945 1563 quem
973 1517 1083 1549 antea
1109 1524 1191 1549 cum
1206 1509 1394 1562 Penelope
1420 1512 1640 1561 contulerat,
1662 1526 1846 1563 sermone,
1865 1529 1933 1554 suo
1950 1516 2064 1567 ipsius

277 1582 435 1634 hospitio
450 1593 556 1619 usum
576 1578 704 1625 fuisse,
734 1591 845 1628 quum
865 1577 904 1615 in
934 1573 1085 1615 Cretam
1098 1576 1277 1623 venisset,
1308 1575 1496 1614 absentem
1523 1579 1603 1629 eJus
1630 1580 1813 1619 maritum.
1845 1577 1917 1619 Cui
1943 1582 1997 1619 rei
2025 1588 2066 1619 ut

276 1647 385 1687 fidem
411 1647 550 1683 faceret
560 1656 670 1693 quum
682 1642 788 1693 plura
796 1641 1009 1692 protulisset
1023 1646 1252 1691 argumenta,
1264 1646 1447 1691 postremo
1457 1653 1498 1679 se
1509 1641 1602 1693 apud
1612 1641 1839 1694 Thesprotas
1850 1644 1893 1683 de
1903 1645 2066 1683 instante

276 1711 375 1763 regis
402 1710 441 1748 in
466 1707 620 1760 patriam
649 1706 770 1745 reditu
797 1706 981 1757 accepisse
1004 1705 1160 1758 juravit.
1250 1703 1372 1757 Hujus
1399 1705 1531 1756 gaudio
1557 1707 1679 1745 nuntii
1705 1709 1853 1759 perfusa
1877 1707 2065 1762 Penelope

278 1790 329 1815 ex
354 1773 525 1824 hospitali
550 1785 652 1810 more
680 1771 789 1822 pedes
815 1768 921 1809 Ulixi
955 1771 1105 1808 abluere
1132 1767 1357 1820 Eurycleam
1380 1770 1500 1821 jubet.
1584 1770 1668 1820 Quo
1698 1774 1818 1811 officio
1847 1775 1930 1812 dum
1962 1775 2062 1824 fungi

279 1852 320 1880 se
348 1844 453 1891 parat
477 1849 607 1883 serva,
646 1847 694 1874 ex
720 1835 916 1883 cicatrice,
955 1847 1063 1886 quam
1089 1833 1152 1871 ille
1179 1832 1375 1883 aliquando
1402 1833 1502 1871 inter
1525 1836 1732 1875 venandum
1761 1850 1810 1876 ex
1834 1838 1912 1888 apri
1940 1851 2065 1877 morsu

280 1908 485 1955 acceperat,
515 1900 639 1938 statim
666 1911 790 1951 regem
817 1899 997 1950 agnoscit.
1074 1895 1158 1946 Qua
1184 1897 1304 1934 subita
1330 1909 1372 1934 re
1403 1897 1506 1935 varie
1534 1907 1733 1947 commota,
1763 1901 1903 1940 laetitia
1929 1902 2067 1953 pariter

278 1982 321 2008 ac
348 1967 474 2006 dolore
502 1970 695 2014 correpta,
725 1964 778 2001 ita
804 1962 1016 2001 fidelissima
1040 1974 1149 2000 serva
1172 1960 1429 2012 perturbatur,
1470 1969 1511 2000 ut
1537 1976 1613 2001 non
1639 1965 1745 2003 modo
1772 1965 1960 2016 hospitalis
1987 1967 2065 2005 offi-

279 2033 347 2081 cii,
384 2030 480 2084 quod
507 2027 660 2079 exsequi
681 2028 790 2081 jussa
817 2027 959 2075 fuerat,
995 2037 1147 2078 prorsus
1176 2024 1474 2075 oblivisceretur,
1513 2026 1579 2066 sed
1615 2034 1652 2067 et
1677 2029 1756 2081 ipsa
1781 2030 1976 2082 repentino
2003 2045 2065 2083 op-

277 2111 406 2150 pressa
432 2095 545 2134 animi
573 2100 674 2131 motu
705 2093 937 2131 relaberetur
964 2098 1001 2129 et
1028 2104 1180 2141 aquam,
1212 2104 1283 2140 qua
1308 2091 1418 2142 pedes
1446 2090 1549 2130 Ulixi
1577 2093 1759 2133 abluitura
1788 2102 1886 2143 erat,
1917 2097 2065 2147 profun-

277 2164 394 2201 deret.
452 2159 574 2210 Quum
601 2172 691 2196 vero
719 2158 763 2195 ad
792 2169 833 2195 se
859 2156 1047 2202 rediisset,
1080 2155 1170 2193 haec
1197 2156 1334 2193 emittit
1362 2156 1495 2194 verba:

522 2230 581 2274 *H
606 2228 697 2282 μοι’τ’
722 2227 925 2278 Ὀδυσσεύς
949 2235 1046 2281 ἐσσι,
1072 2230 1187 2282 φίλον
1214 2238 1340 2277 τέκος·
1368 2229 1450 2272 ου’δέ
1476 2229 1510 2272 σ’
1535 2231 1651 2279 ἔγωγε

534 2299 644 2350 Πρὶν
670 2298 797 2346 ἔγνων,
823 2298 911 2349 πρὶν
936 2290 1064 2336 roc'vvoe
1089 2293 1197 2335 ἄπιτ’
1227 2293 1317 2342 ἑμδν
1344 2289 1647 2346 α’μφιφοῖασθοιι.

381 2375 463 2415 Jam
490 2381 698 2425 sequuntur
722 2373 850 2419 verba,
881 2384 974 2422 quae
1002 2384 1070 2408 nos
1097 2372 1336 2421 explicamus.
1365 2369 1409 2408 In
1428 2370 1484 2409 his
1501 2384 1593 2421 quae
1621 2371 1692 2409 alia
1708 2374 1823 2421 possit
1844 2375 1967 2414 inesse
1980 2390 2065 2415 sen-

277 2441 416 2490 tentia,
447 2439 518 2479 nisi
545 2438 654 2487 haec,
682 2436 846 2477 voluisse
872 2434 1118 2489 Eurycleam,
1153 2435 1213 2474 ubi
1241 2434 1396 2487 primum
1428 2447 1469 2474 se
1505 2434 1689 2488 paululum
1728 2449 1775 2476 ex
1812 2439 1933 2480 subita
1956 2443 2064 2482 senili

276 2507 489 2546 infirmitate
518 2511 555 2541 et
580 2502 902 2541 vehementissima
932 2501 1044 2538 animi
1056 2501 1301 2538 commotione
1318 2500 1506 2547 refecerit,
1525 2501 2063 2556 oculorumquadamsignifiea·

276 2574 377 2611 tione
392 2569 599 2609 cicatricem
608 2566 729 2606 Ulixis
737 2565 962 2617 Penelopae,
980 2578 1073 2615 quae
1101 2566 1139 2603 in
1168 2564 1372 2615 propinquo
1389 2565 1620 2612 versabatur,
1637 2574 1858 2614 monstrare,
1878 2570 1974 2608 unde
2000 2572 2062 2609 ad-

274 2641 449 2675 ventasse
476 2632 721 2672 desideratum
748 2631 809 2669 diu
836 2631 1030 2683 conjugem
1059 2634 1097 2667 et
1122 2628 1202 2680 ipsa
1231 2633 1494 2679 cognosceret:
1523 2642 1616 2680 quae
1642 2630 1714 2669 alia
1739 2631 1853 2683 igitur
1875 2635 2059 2674 sententia

273 2699 390 2751 possit
414 2698 454 2737 in
480 2696 536 2736 his
564 2696 688 2736 verbis
714 2696 859 2744 inesse,
889 2708 957 2733 nos
984 2693 1129 2747 quidem
1157 2706 1232 2731 non
1262 2693 1463 2744 dispicere,
1491 2694 1653 2747 ingenue
1683 2696 1852 2736 fatemur.
1883 2721 1933 2728 —
