2296 3445
1123 352 1181 395 16

263 474 532 525 comparatione
560 473 706 526 egregie
734 472 903 511 elucebit.
958 471 1042 511 Nec
1068 473 1248 512 minorem
1275 484 1357 511 esse
1382 472 1422 511 in
1448 472 1529 511 loco
1556 472 1601 512 ab
1634 473 1906 526 Niigelsbaehio
1937 477 2048 517 nuato

263 535 299 566 et
328 528 399 566 od.
431 543 465 578 ρ,
496 526 587 566 590.
618 526 786 564 vocabuli
816 525 904 570 vim,
936 526 1113 563 orationis
1142 532 1339 563 contextus
1359 526 1477 564 docet..
1798 571 1801 574 ,
1827 566 1834 575 .
1958 556 1974 568 .-,

366 579 510 631 Agmen
537 578 639 631 quasi
665 578 850 625 locorum,
890 576 933 615 de
968 578 1098 629 quibus
1132 577 1248 617 adhuc
1284 578 1569 630 disputavimus,
1605 578 1987 630 claudantjlocitresz.
2005 598 2047 630 u,

261 635 300 673 t).
330 637 368 682 λ,
395 632 487 682 795,
524 632 624 681 (coll.
654 648 697 680 π,
724 629 775 670 36
801 637 837 669 et
863 629 948 680 51.)
975 633 1013 680 ξ’,
1053 630 1160 679 335.,
1201 631 1263 683 qui
1296 630 1366 671 boc
1400 631 1536 671 babent
1567 631 1668 671 inter
1690 635 1747 682 Jse
1781 631 2048 682 similitudinis,

264 687 358 737 quod
386 687 424 724 in
452 686 496 723 iis
523 684 725 723 indicandi
750 683 1055 734 significationem
1084 681 1239 738 φρίξειν
1266 684 1423 732 habere,
1470 691 1576 723 extra
1610 684 1755 723 omnem
1779 684 1927 723 videtur
1952 687 2053 738 posi·

265 748 343 780 tum
378 750 457 779 esse
492 737 767 779 dubitationem.
848 735 901 776 At
935 749 1025 778 vero
1059 737 1150 778 duos
1191 737 1333 790 priores
1370 737 1471 779 locos
1506 737 1568 790 qui
1600 733 1796 790 diligenter
1826 739 2049 789 excusserit,

264 796 300 832 in
331 794 375 830 iis
401 793 580 829 vocabulo
615 787 693 842 Φροῖ
737 806 769 829 ιν
801 791 953 827 eandem
991 792 1296 842 significationem
1326 792 1492 840 tribuet,
1554 805 1662 842 quam
1709 791 1747 830 id
1799 791 1934 830 habere
1963 793 2050 833 vde—

266 846 548 886 monstravimus
578 842 649 883 od.
695 843 713 891 '‚
741 842 829 882 147.
885 842 984 883 Nam
1013 844 1080 883 hoc
1107 844 1194 883 dicit
1218 843 1406 884 Achilles:
1435 850 1477 883 ut
1502 844 1683 895 quondam
1709 851 1826 885 mater
1837 843 1926 883 mihi
1942 843 2052 895 plane

265 898 542 937 demonstravit.
599 896 778 947 Reliquus
807 902 863 934 est
888 896 1000 947 igitur
1027 897 1129 935 loeus
1156 895 1202 934 Il.
1233 899 1270 946 ξ,
1295 897 1385 936 335.
1415 897 1454 934 in
1481 909 1552 948 quo
1578 910 1667 945 uno,
1707 896 1791 949 quia
1824 896 1868 935 de
1893 908 1935 935 re
1961 908 2051 948 qua·

265 954 346 989 dani
373 952 508 1000 agitur,
540 963 646 1000 quae,
683 963 792 998 quum
827 956 975 998 propter
1005 950 1262 986 verecundiam
1299 962 1340 985 ac
1367 949 1542 998 pudorem
1567 949 1620 985 ab·
1637 949 1823 987 hominum
1849 949 1965 986 ocutis
1991 960 2052 986 re-

265 1004 448 1043 movenda
462 1009 573 1049 esset,
601 1001 800 1040 verendum
820 1007 899 1039 erat
919 1013 966 1039 ne
985 1000 1181 1052 proditoris
1201 999 1355 1052 alicujus
1374 999 1510 1039 indicio
1525 1000 1720 1040 manifesta
1736 1001 1855 1048 lieret,
1867 1000 2051 1040 indicandi

265 1057 509 1106 significatum
545 1054 627 1090 voci
655 1053 856 1090 concedere
893 1066 968 1089 non
997 1059 1115 1099 essct,
1150 1065 1217 1089 cur
1248 1052 1533 1099 haesitaremus,
1567 1052 1639 1090 nisi
1672 1053 1762 1091 haec
1795 1052 2050 1104 interpretatio

266 1108 431 1159 quamvis
458 1107 507 1144 sit
532 1107 576 1144 ad
602 1118 751 1143 sensum
776 1104 846 1142 lori
874 1105 1028 1152 idonea,
1060 1112 1180 1142 tamen
1208 1111 1336 1155 poetae
1362 1104 1505 1143 dicendi
1531 1105 1787 1144 consuetudini
1813 1105 2052 1156 vehementer

265 1165 500 1213 repugnaret.
557 1155 640 1209 Qua
667 1169 708 1196 re
736 1169 781 1194 nc
806 1156 844 1194 in
873 1156 981 1211 hujus
1009 1156 1152 1209 quidem
1178 1156 1250 1195 loci
1278 1156 1523 1210 explicatione
1550 1151 1725 1197 recedere
1750 1157 1794 1196 ab
1817 1169 1887 1198 usu
1914 1155 2052 1198 Home-

267 1215 343 1252 rico
372 1215 469 1251 lieet.
485 1212 551 1259 12)

376 1263 450 1304 Sed
479 1265 567 1302 haec
594 1263 785 1301 hactenus.
839 1261 937 1300 Nam
965 1262 1009 1300 ad
1037 1262 1202 1301 criticum
1228 1274 1345 1314 genus
1372 1274 1465 1313 quae
1490 1268 1671 1314 spectant,
1699 1276 1791 1314 quae
1817 1263 1914 1303 haud
1938 1264 2053 1304 multa

269 1320 414 1371 quidem
440 1324 550 1362 sunt,
582 1317 646 1354 sed
674 1315 814 1366 magnis
842 1315 1009 1353 involuta
1035 1316 1330 1362 dillicultatibus,
1366 1322 1593 1366 pertractare
1625 1328 1694 1355 nos
1713 1322 1843 1355 vetant
1874 1331 1967 1368 quos
1991 1318 2053 1356 vel

268 1374 322 1411 sic
353 1371 589 1409 transivimus
632 1369 759 1406 statuti
796 1367 1001 1420 hujusmodi
1029 1369 1314 1419 scriptiunculae
1355 1368 1518 1406 termini.
1577 1366 1707 1420 ltaque
1740 1370 1962 1409 veniendum
1995 1377 2053 1410 est

268 1427 313 1464 :ul
341 1426 390 1465 id,
423 1424 518 1474 quod
546 1422 639 1460 lianc
667 1421 771 1459 nobis
798 1421 981 1459 scribendi
1007 1421 1314 1472 opportunitatem
1342 1421 1441 1459 fecit.
1470 1418 1691 1461 Instituetur
1708 1423 1805 1461 enim
1816 1424 1977 1463 crastino
1994 1424 2052 1462 die

270 1475 439 1516 lioraXl.
470 1481 606 1514 antem.
634 1474 672 1512 in
690 1472 886 1511 Auditorio
899 1471 1090 1525 Gymnasii
1108 1473 1225 1511 nostri
1252 1473 1390 1525 majore
1407 1479 1510 1512 actus
1535 1473 1724 1524 solemnis,
1752 1488 1823 1526 quo
1852 1476 1940 1515 novi
1964 1476 2054 1516 anni

270 1531 413 1569 initium
442 1542 491 1567 ex
515 1534 640 1565 vetere
669 1526 933 1563 consuetudine
958 1533 996 1563 et
1022 1527 1191 1563 instituto
1205 1526 1329 1563 schola
1348 1532 1474 1563 nostra
1494 1526 1704 1565 celebrabit.
1733 1526 1777 1566 In
1795 1540 1866 1578 qua
1881 1528 2054 1567 solemni-

271 1589 345 1622 tate
357 1590 432 1621 tres
449 1580 576 1619 classis
591 1579 773 1617 secundae
794 1578 976 1630 discipuli,
1007 1590 1133 1616 omnes
1145 1590 1192 1617 ex
1209 1584 1337 1617 nostra
1355 1578 1501 1616 civitate
1520 1579 1680 1628 oriundi,
1699 1580 1908 1635 suggestum
1925 1592 2054 1621 aseen-

271 1638 357 1673 alent
377 1635 577 1684 orandique
598 1633 798 1682 periculum
812 1633 960 1669 facient.
989 1630 1197 1669 Prodibunt
1212 1638 1334 1670 autem
1348 1638 1513 1670 oratores
1531 1631 1568 1669 hi
1594 1634 1868 1672 adolescentes:
1898 1635 2053 1685 primum

376 1699 626 1742 Carolus
654 1695 957 1739 aethan-tlt
991 1694 1129 1734 Latina
1165 1696 1333 1734 oratione
1367 1702 1528 1747 exponet
1569 1697 1613 1736 de
1652 1699 1839 1738 sententia
1870 1697 2050 1738 Liviana:

528 1748 728 1801 republica
754 1749 936 1786 Ronumm
964 1748 1114 1787 nullam
1140 1762 1317 1806 tanquam
1342 1762 1415 1787 nec
1441 1748 1629 1802 majorem
1642 1765 1715 1790 nec
1730 1752 1965 1790 sanctiorem
1981 1765 2054 1791 nec

529 1801 639 1840 bouis
666 1801 853 1853 exemplis
880 1800 1058 1840 ditiorem
1083 1802 1230 1852 suisse3
1258 1807 1334 1839 tum

377 1866 674 1918 Georgius
702 1862 934 1907 Sol-nel&
966 1864 1014 1902 de
1044 1865 1126 1901 vita
1151 1863 1290 1903 Caroli
1315 1863 1418 1905 XII.
1443 1879 1470 1903 a
1506 1864 1550 1903 V
1547 1863 1686 1904 altar-io
1709 1866 1901 1921 descripta
1936 1865 2055 1906 Fran-

529 1917 704 1967 cogallice
731 1916 909 1963 disseret3
941 1923 1125 1966 postremo

374 1981 713 2028 luchatellus
741 1979 1003 2023 Iaindnen·
1037 1980 1189 2022 Esaiae
1229 1980 1418 2035 Tegna-i,
1472 1977 1646 2032 Episcopi
1673 1978 1819 2022 Suecici
1847 1983 2056 2036 nuperrime

528 2034 703 2080 defuncti,
734 2034 877 2070 laudem
903 2034 1081 2084 poeticam
1109 2034 1226 2084 patrio
1242 2045 1411 2070 sermone
1428 2034 1662 2084 praedicabit.

379 2100 449 2140 His
475 2101 588 2152 igitur
615 2099 838 2137 solemnibus
874 2103 915 2137 ut
942 2098 1150 2148 frequentia
1176 2111 1244 2137 sua
1270 2098 1379 2138 decus
1407 2098 1563 2137 afferant
1597 2105 1635 2137 et
1671 2082 1926 2140 ornamentum
1952 2100 2057 2143 In-

275 2157 572 2208 §nectores
601 2150 793 2203 Gymnasii
827 2149 1181 2192 Gravissimi
1210 2157 1247 2188 et
1273 2163 1423 2198 omnes,
1455 2156 1634 2201 quotquot
1661 2151 1768 2190 habet
1795 2152 1884 2190 haec
1911 2153 2054 2201 civitas,

272 2210 563 2267 Proceres
591 2204 777 2255 celerique
805 2203 994 2243 literarum
1017 2203 1328 2257 Fautores,
1355 2217 1412 2251 ea,
1444 2218 1514 2255 qua
1542 2204 1659 2253 decet,
1689 2206 1923 2257 observantia
1948 2207 2056 2246 etiam

275 2271 384 2313 atque
412 2267 522 2299 etiam
549 2271 734 2308 rogamus.
1826 2279 1828 2282 .

379 2325 595 2376 Gerae,
624 2322 657 2361 d.
688 2319 758 2361 III.
786 2319 873 2361 Jan.
901 2333 935 2359 a.
963 2317 1311 2360 MDCCCXLVII.

313 2426 366 2465 12)
391 2423 487 2464 Quod
507 2426 625 2473 veteres
643 2421 840 2452 scholiastae
863 2424 893 2451 ct
914 2420 1150 2463 Lexicogrnplii
1173 2431 1245 2454 voc.
1274 2406 1427 2464 Φρίξαν
1458 2422 1501 2452 ita
1523 2420 1703 2465 explicant,
1725 2426 1759 2453 ut
1779 2423 1862 2454 idem
1884 2423 2059 2464 significare

382 2488 501 2521 dicant,
523 2486 607 2527 quonl
634 2475 895 2528 διασημαίνειν,
926 2485 959 2514 in
990 2495 1027 2515 eo
1057 2485 1254 2517 vehementer
1283 2489 1402 2516 errant.
1466 2485 1550 2516 Num
1583 2490 1712 2528 excepto
1742 2487 1872 2519 sort-me
1902 2487 1972 2518 loeo
1996 2499 2059 2520 uno

376 2540 566 2593 σημαίνειν
585 2552 670 2592 apud
691 2552 864 2581 Homerum
887 2554 931 2580 est
955 2551 1033 2591 ejus,
1057 2551 1110 2591 qui
1132 2551 1223 2586 aliis,
1247 2551 1331 2591 quod
1351 2550 1420 2579 fieri
1442 2548 1539 2585 vdit,
1562 2551 1715 2592 impent,
1737 2563 1798 2594 ¹1¹¹.-
1819 2552 1985 2586 voluntatis
2005 2564 2060 2589 Μ-

384 2617 469 2646 tione
493 2615 553 2647 hoc
576 2615 762 2648 vocabulum
786 2614 888 2646 dini-rt
909 2627 927 2645 a
950 2614 1057 2646 Verbo
1080 2599 1274 2653 δείκνῦἴαί,
1301 2616 1383 2646 inici·
1404 2613 1489 2657 quud
1517 2618 1545 2645 et
1576 2599 1731 2659 Φρίξαν
1761 2614 1822 2649 ime
1840 2618 2001 2651 intercedit
2015 2617 2059 2649 di-

381 2672 552 2706 scriminis,
578 2675 611 2701 ut
632 2671 714 2700 illud
737 2681 754 2700 a
776 2671 1009 2700 demonstrandi
1030 2670 1078 2701 vcl
1103 2669 1302 2700 describendi
1325 2670 1451 2699 notione
1472 2669 1510 2699 sit
1532 2669 1766 2704 alienissimum.

844 2774 1516 2792 -—-———-————-—-
