2296 3445
1138 340 1196 384 13

378 461 442 501 Ex
467 461 543 508 his,
574 472 665 511 quos
689 459 805 499 adhuc
832 461 1081 510 tractavimus,
1110 461 1200 500 locis
1227 467 1414 513 patescere
1425 460 1530 499 nobis
1540 460 1697 507 videtur,
1721 458 1884 499 Verbum
1900 458 2054 516 φράζειν

278 529 423 580 proprie
450 527 495 565 ad
520 538 580 564 res
606 526 737 564 referri
763 526 930 564 sensibus
957 527 1139 579 subjectas
1165 540 1208 565 ac
1233 527 1440 577 primariam
1471 526 1572 564 vocis
1605 526 1679 563 vim
1711 538 1791 564 esse
1823 528 2052 565 monstrandi

279 594 415 645 aliquid
450 593 529 632 sive
565 590 674 642 digito
706 590 785 629 sive
815 590 887 629 alia
922 591 1075 641 quadam
1114 591 1395 643 significatione.
1476 589 1550 630 Sed
1588 598 1644 630 est
1677 592 1903 630 monstrandi
1940 591 2050 639 ratio,

279 669 372 708 quae
401 670 512 707 quum
539 655 583 694 ad
608 668 669 694 res
696 655 911 694 hominesve
936 656 1119 706 pertineat
1140 656 1179 694 in
1204 657 1302 695 vitae
1328 657 1485 695 veritate
1499 662 1705 704 versantes,
1736 662 1858 694 tamen
1886 670 1959 695 non
1976 670 2053 695 ma·

279 735 329 760 nu
359 722 420 760 vel
453 727 545 759 nutu
588 720 630 757 fit
662 720 723 758 vel
757 718 908 757 omnino
950 726 1106 760 externo
1149 721 1270 771 aliquo
1312 722 1418 772 signo
1456 721 1686 768 continetur,
1746 721 1810 758 scd
1858 721 1897 758 in
1930 722 2051 759 verbis

280 786 451 826 consistit
483 791 521 824 et
546 784 728 823 oratione.
791 781 947 822 Accedit
975 783 1088 836 igitur
1120 785 1164 823 ad
1200 785 1433 837 principalem
1460 785 1560 823 illam
1586 785 1755 824 vocabuli
1783 785 1971 823 notionem
2002 786 2055 824 al-

279 860 377 901 tera,
417 863 524 903 quam
558 847 707 896 Latini,
741 847 898 900 prosaici
931 854 1031 887 certe
1064 850 1282 902 scriptores,
1321 850 1373 888 ita
1405 850 1634 901 exprimunt,
1670 857 1711 889 ut
1742 848 1877 889 Verbis
1905 856 2056 888 utantur

277 920 336 956 vel
362 916 656 955 demonstrandi
679 914 758 952 sive
785 916 1115 953 contmonstrandi
1138 916 1199 952 vel
1232 916 1464 953 declarandi
1483 915 1543 951 vel
1555 916 1809 954 describenda
1854 914 1964 952 Hunc
1990 930 2057 952 vo-

279 985 331 1022 cis
358 980 600 1032 significatum
625 980 665 1018 in
690 979 771 1018 loco
797 978 934 1025 inesse,
962 979 1023 1029 qui
1051 980 1095 1017 ad
1120 963 1283 1028 verffiin,
1313 992 1404 1030 quos
1431 979 1537 1017 modo
1568 979 1852 1026 illustravimus,
1888 980 2057 1017 similitu-

279 1050 399 1089 dinem
427 1045 487 1084 vel
513 1050 661 1097 propter
685 1050 893 1083 structurae
919 1044 1100 1084 rationem
1127 1045 1292 1097 proxime
1326 1044 1484 1083 accedit.
1524 1041 1595 1084 Od.
1625 1046 1668 1095 ἕ,
1692 1043 1730 1083 3.
1722 1074 1748 1092 .,
1780 1044 1933 1096 quisque
1968 1059 2057 1083 con—

279 1114 403 1158 cedet,
438 1110 500 1160 qui
527 1121 619 1160 quae
645 1109 684 1147 in
712 1109 963 1159 praecedentis
989 1109 1074 1147 libri
1100 1123 1162 1148 vv.
1198 1109 1331 1148 404—-
1348 1109 1439 1147 415.
1471 1109 1664 1160 leguntur,
1703 1116 1874 1147 accurate
1902 1122 2057 1160 perpen—

279 1178 386 1218 derit.
439 1173 485 1213 In
511 1174 584 1213 illis
612 1173 709 1212 enim
734 1173 902 1212 versibus
930 1173 1133 1225 regionem,
1163 1174 1225 1212 ubi
1251 1180 1327 1212 tum
1353 1174 1511 1213 maxime
1530 1172 1718 1212 Eumaeus
1746 1179 1974 1220 versaretur,
2005 1174 2057 1212 ita

279 1241 433 1282 dilucide
458 1239 723 1277 describentem
749 1236 959 1276 Minervam
986 1244 1094 1289 poeta
1126 1239 1213 1276 facit
1244 1245 1281 1277 et
1311 1239 1415 1289 quasi
1443 1245 1528 1277 ante
1555 1239 1681 1277 oculos
1710 1236 1814 1276 lslixi
1844 1245 2056 1289 ponentem,

280 1316 334 1355 ut,
365 1312 554 1357 postquam
579 1304 611 1342 is
639 1304 684 1342 ad
710 1303 935 1354 designatam
959 1316 1086 1354 rupem
1113 1304 1303 1354 pervenit,
1337 1311 1623 1342 commonstrato
1659 1317 1681 1341 a
1707 1301 1789 1341 Dea
1815 1304 1895 1342 loco
1923 1304 2058 1342 fidelis-

279 1375 410 1414 simum
437 1369 620 1409 hominem
646 1367 847 1420 reperiret:
884 1358 908 1423 ἦ
939 1371 975 1409 οἱ
996 1364 1142 1421 Ἀθήνη
1170 1370 1342 1421 πέφραδε
1369 1370 1442 1410 δῖον
1467 1363 1634 1422 ὑφορβόν
1661 1370 1783 1410 ἐοντα.
1842 1365 2057 1407 Consimilis

280 1440 364 1480 huic
390 1438 471 1477 loco
497 1440 554 1474 est
582 1431 654 1472 Od.
683 1449 721 1482 κ,
748 1431 862 1472 549.=
907 1431 997 1474 σὶλλ“
1029 1434 1132 1482 ἴομεν
1158 1432 1199 1486 δὴ
1224 1432 1295 1487 γάρ
1320 1450 1382 1484 μοι
1408 1436 1598 1487 ἐπέφραδε
1623 1430 1755 1475 πότνια
1782 1433 1919 1487 Κίρκης
1963 1447 2056 1485 quae

280 1505 478 1545 verbanon
505 1505 563 1538 est
587 1498 803 1546 verendum,
835 1498 924 1549 quin
952 1497 1124 1538 huc¹non
1152 1499 1337 1550 pertinere
1351 1500 1431 1551 quis
1459 1500 1643 1552 opinetur,
1673 1500 1772 1550 quia,
1801 1500 1846 1538 ad
1874 1500 1969 1551 quod
1998 1512 2058 1537 re-

279 1571 433 1614 feratur,
465 1564 556 1603 nihil
582 1563 714 1604 habeat
738 1562 903 1602 Verbum
930 1561 1105 1617 φροῖξιινς
1137 1565 1482 1615 subintelligendum
1509 1572 1565 1602 est
1593 1565 1692 1603 enim
1718 1561 1817 1614 ὁδόν,
1845 1565 1940 1615 quod
1968 1565 2059 1602 latet

280 1635 319 1673 in
346 1629 585 1670 antecedente
611 1626 736 1666 Verbo
763 1631 868 1669 ἰέναι.
940 1625 1000 1666 Cf.
1035 1627 1328 1679 Niigelsbachius
1356 1630 1399 1668 in.
1424 1629 1739 1683 Anmerkunqen
1766 1643 1800 1669 z.
1827 1629 1931 1668 Ilias
1956 1627 2054 1667 Exc.

280 1694 427 1737 XVIII.
458 1708 493 1746 p.
524 1691 727 1740 313—14‚
782 1692 843 1731 ubi
879 1692 1127 1732 doctissimum
1152 1694 1307 1733 amicum
1333 1694 1377 1732 iis
1404 1694 1579 1732 miramur
1605 1694 1803 1745 exemplis,
1836 1706 1929 1745 quae
1955 1693 2058 1745 larga

282 1775 392 1802 manu
421 1759 559 1804 effudit,
589 1757 686 1795 hunc
712 1758 832 1794 locum
857 1771 932 1795 non
961 1758 1212 1808 adscripsisse,
1243 1765 1280 1796 et
1298 1758 1514 1796 Nitzschius
1546 1759 1571 1795 l.
1602 1759 1628 1795 l.
1657 1757 1745 1796 Vol.
1778 1757 1848 1795 ΙΙΙ.
1879 1772 1920 1809 Ρ,
1946 1758 2054 1805 176.,

282 1828 345 1879 qui
369 1839 435 1865 cur
459 1823 504 1862 ad
537 1820 792 1860 illustrandum
820 1820 888 1860 hoc
915 1821 1058 1861 dicendi
1083 1835 1200 1874 genus
1222 1836 1298 1861 non
1325 1823 1490 1862 debuerit
1517 1835 1718 1874 provocare
1746 1822 1791 1861 ad
1820 1820 1950 1871 θὼθ,
1969 1821 2053 1870 68.,

282 1904 331 1929 ex
356 1889 401 1928 iis
428 1892 546 1939 patet,
585 1897 678 1937 quae
711 1885 755 1923 de
788 1885 857 1924 hoc
889 1898 1001 1925 versu
1035 1899 1147 1938 supra
1178 1888 1427 1939 exposuimus.
1513 1885 1688 1925 Ceterum
1715 1887 1810 1937 quod
1836 1887 2008 1925 omissum
2036 1901 2059 1925 ,ἰ

282 1962 391 2007 poeta
416 1954 455 1991 in
484 1952 579 1998 loco,
609 1951 653 1988 de
681 1964 752 2000 quo
779 1951 913 2001 agitur,
944 1951 1109 1989 videmus
1124 1949 1334 2003 Objectum,
1362 1953 1399 1990 id
1425 1953 1560 1990 diserte
1585 1952 1790 2002 appositum
1818 1952 1972 2002 legimus
1982 1951 2054 1990 Od.

282 2038 321 2068 a,
350 2017 441 2057 444.
487 2012 692 2066 Utrumque
720 2021 841 2053 autem
867 2012 987 2052 locum
1013 2015 1150 2054 rectius
1177 2015 1375 2068 intelliges,
1403 2016 1436 2055 si
1462 2016 1501 2056 in
1530 2015 1751 2067 explanandi
1778 2015 1978 2055 subsidium
1993 2030 2059 2055 vo-

283 2084 425 2125 caveris
453 2082 553 2120 locos
581 2079 668 2118 hos:
700 2077 772 2118 Od.
802 2094 840 2127 κ,
869 2077 1064 2119 508-12.
1096 2081 1181 2121 coll.
1209 2094 1247 2119 v.
1278 2080 1472 2120 539—40.
1506 2089 1543 2120 et
1568 2078 1640 2119 Od.
1671 2098 1710 2129 a,
1740 2080 1963 2121 280—292.

386 2158 462 2198 Sed
487 2164 551 2204 ut,
587 2170 694 2207 quam
726 2157 878 2195 alteram
901 2156 1094 2203 vocabuli,
1124 2157 1219 2206 quod
1243 2157 1493 2204 illustramus,
1523 2158 1828 2208 significationem
1858 2172 1939 2196 esse
1964 2160 2060 2196 dixi-

282 2239 383 2273 mus,
411 2222 546 2261 clarius
574 2220 684 2259 etiam
711 2220 989 2272 patefaciamuS,
1025 2220 1157 2259 addere
1185 2221 1294 2260 liceat
1320 2222 1459 2272 aliquot
1485 2221 1608 2269 locos,
1648 2221 1778 2272 quibus
1809 2222 1876 2260 hoc
1904 2236 1984 2261 cum
2014 2224 2059 2261 il-

280 2292 341 2338 lis,
371 2296 461 2339 quos
478 2299 589 2336 supra
602 2285 918 2337 pertractavimus,
948 2298 1139 2324 commune
1156 2292 1226 2333 est,
1256 2287 1352 2337 quod
1368 2287 1428 2325 vel
1455 2287 1619 2325 locorum
1646 2287 1705 2324 vel
1734 2299 1857 2325 rerum
1885 2289 2058 2338 quasdam

282 2350 566 2403 descriptiones,
603 2362 696 2399 quae
728 2362 793 2400 pro
825 2349 994 2387 veritatis
1027 2350 1131 2399 quasi
1165 2351 1262 2388 notis
1295 2364 1338 2388 ac
1363 2351 1582 2388 testimoniis
1609 2351 1699 2396 sint,
1730 2350 1936 2388 continent.
1998 2350 2058 2388 Ex

282 2433 354 2472 quo
380 2407 516 2471 genere
545 2412 582 2452 hi
607 2413 678 2453 loci
705 2419 811 2453 sunt:
858 2409 929 2451 Od.
960 2427 997 2462 r,
1022 2410 1115 2453 249.
1143 2411 1236 2453 250.
1284 2409 1370 2463 ’Ὡς
1411 2409 1532 2467 φοίτο·
1572 2415 1619 2470 τῆ
1653 2413 1682 2455 δ’
1714 2416 1770 2455 ἔτι
1803 2415 1954 2464 μῐλλον
1994 2415 2061 2467 ἐφ’

280 2488 405 2537 ἵμερον
442 2477 537 2534 ὦρσε
570 2476 685 2528 γόοιο,
719 2475 853 2530 σήματ’
885 2476 1111 2533 α’ναγνοᾶσῃ,
1143 2473 1194 2517 τοί
1227 2482 1264 2518 οἱ
1295 2481 1440 2527 ἔμπεδα
1472 2478 1663 2533 πέφραδ’
1695 2476 1912 2528 Ὀδυσσρύς.
1942 2482 1988 2518 cs.
2018 2494 2057 2518 v.

280 2543 502 2587 225-248.
537 2540 608 2581 Od.
637 2545 687 2596 ψ,
715 2542 807 2582 206.
838 2542 921 2580 coll.
953 2541 1174 2581 199—205.
1204 2540 1276 2581 Od.
1306 2561 1348 2592 ω,
1376 2545 1467 2584 346.
1497 2545 1580 2583 coll.
1611 2544 1833 2583 331—3-44.

384 2606 467 2648 Jam
493 2619 583 2647 vero
603 2606 655 2645 ad
690 2618 753 2645 eos
786 2613 1016 2646 transeamus
1052 2606 1176 2655 locos,
1212 2607 1251 2645 in
1285 2608 1416 2658 quibus
1452 2622 1562 2659 quum
1589 2616 1738 2661 propter
1765 2609 1944 2648 orationis
1973 2623 2060 2648 eon·

282 2688 415 2716 nexam
440 2672 591 2721 seriem,
608 2678 685 2710 tum
712 2671 798 2723 quia
822 2672 1037 2711 societatem
1063 2671 1242 2724 quandam
1267 2685 1350 2712 cum
1376 2672 1912 2713 iisNominibusSubstantivis
1939 2675 2054 2721 ineat,
