2296 3445
1098 307 1149 351 11

336 426 539 480 Pergamus
566 426 611 465 ad
633 426 776 475 locum,
806 429 911 481 cujus
939 439 1088 467 sensum
1116 426 1178 479 qui
1205 438 1282 466 non
1308 426 1399 465 satis
1425 427 1677 479 perspexerit,
1706 427 1738 467 is
1758 428 1865 468 facile
1891 429 2014 470 induci

232 493 387 544 poterit,
415 499 456 530 ut
481 492 530 530 ibi
557 505 704 539 vocem,
733 493 777 531 de
806 506 878 544 qua
903 493 1046 544 agitur,
1082 491 1291 532 Verborum
1318 491 1392 529 vim
1417 490 1570 531 induere
1595 493 1786 544 opinetur,
1844 507 1937 544 quae
1963 495 2014 534 si-

232 557 444 608 gnificatum
470 557 627 595 habeant
654 558 817 596 dicendi:
855 555 926 596 od.
956 559 1005 605 θ,
1028 557 1093 597 68.
1165 555 1210 595 In
1238 556 1306 595 hoc
1333 556 1432 594 enim
1455 556 1536 594 loco
1561 553 1832 606 Demodocum‚
1867 571 2015 598 caecum

231 619 438 661 Phaeacum
466 622 711 669 citharistam,
741 622 918 660 adornata
939 624 1017 675 jam
1044 622 1151 669 navi,
1179 635 1251 673 qua
1277 621 1421 659 domum
1451 618 1581 659 Ulixes
1609 621 1865 670 deduceretur,
1894 624 1933 662 in
1955 637 2015 662 re·

231 686 341 737 giam,
372 688 434 726 ubi
462 687 607 739 epulum
634 686 783 726 abeunti
807 686 944 739 vhospiti
971 687 1093 726 datum
1119 686 1243 725 fidium
1272 692 1383 725 cantu
1419 691 1457 725 et
1492 686 1674 726 clarorum
1701 686 1868 726 virorum
1899 688 2014 729 laudi-

231 750 298 789 bus
324 752 568 799 exhilararet,
598 751 813 790 arcessitum
840 763 921 789 esse
953 758 1061 803 poeta
1091 751 1218 789 refert.
1282 749 1340 789 Eo
1376 764 1486 802 quum
1520 751 1685 790 venisset
1715 749 1962 802 Demodocus,
1992 768 2014 794 a

232 812 430 855 Pontonoo
457 828 638 868 praecone
665 816 703 854 in
729 816 886 854 medium
913 816 1151 853 convivarum
1182 815 1379 865 productus
1406 816 1445 854 in
1474 815 1567 854 sella
1594 815 1658 853 uni
1685 828 1735 854 ex
1763 817 1943 856 columnis
1954 832 2015 870 ap-

233 880 365 933 posita,
397 893 445 918 ex
472 894 543 931 qua
569 881 744 919 citharam
771 880 932 919 cantoris
947 891 1079 931 praeco
1097 879 1300 931 suspendit,
1324 879 1477 931 jubetur
1495 879 1700 918 considere.
1757 879 1857 920 Idem
1883 896 2015 934 praeco

232 945 443 996 priusquam
470 945 556 984 vino
584 946 736 997 ciboque
762 945 972 984 citharistae
1000 944 1160 983 animum
1173 944 1338 996 juvaret,
1368 945 1560 997 ἐπέφραδε
1583 946 1719 997 χερσὶν
1743 947 1907 988 ἑλέσθαι
1933 949 2013 987 scil.

235 1006 440 1062 φόρμιγγα,
478 1022 571 1060 quae
602 1010 716 1048 verba
748 1010 891 1061 quidam
921 1010 995 1048 viri
1021 1009 1117 1047 docti
1152 1008 1206 1047 sic
1241 1009 1551 1059 interpretantur:
1589 1009 1751 1056 monuit,
1783 1016 1823 1048 ut
1849 1012 2017 1051 manibus

233 1073 409 1112 citharam
434 1074 689 1126 prehenderet.
772 1072 857 1125 Qua
880 1073 1184 1126 interpretatione
1211 1072 1303 1111 nihil
1329 1085 1411 1111 esse
1436 1073 1617 1124 ineptius,
1655 1073 1767 1125 longa
1790 1073 2019 1116 demonstra·

233 1138 336 1176 tione
362 1152 436 1177 non
462 1140 614 1191 indiget.
668 1139 767 1179 Nam
793 1140 855 1191 qui
881 1140 920 1178 in
948 1152 1028 1178 eam
1055 1138 1276 1177 sententiam
1304 1137 1393 1176 haec
1418 1138 1532 1176 verba
1557 1138 1765 1189 accipiunt,
1799 1139 2018 1182 immeritam

234 1211 363 1256 poetae
390 1205 675 1257 elegantissimo,
693 1206 754 1256 qui
782 1205 874 1243 nihil
899 1204 1062 1255 loquitur
1086 1203 1223 1254 inepte,
1242 1203 1461 1241 insulsitatis
1489 1203 1677 1256 cujusdam
1696 1203 1852 1243 inurunt
1877 1213 2015 1246 notam.

235 1267 335 1319 Quid
360 1271 482 1309 enim?
509 1267 627 1323 Cujus
652 1270 708 1309 rei
736 1283 847 1309 causa
871 1275 1023 1308 vocatus
1049 1269 1088 1307 in
1114 1268 1254 1320 regiam
1279 1268 1404 1316 fuerit,
1430 1281 1517 1306 num
1549 1268 1611 1307 vel
1642 1268 1833 1320 ignorasse
1870 1270 2019 1311 cithari-

237 1341 330 1373 stam
355 1336 527 1373 credibile
554 1342 610 1374 est
636 1335 696 1373 vel
720 1335 828 1387 plane
853 1334 1004 1372 oblitum
1032 1333 1137 1372 esse?
1165 1330 1208 1371 Si
1233 1345 1324 1371 vero
1350 1332 1452 1371 illum
1479 1346 1555 1371 non
1581 1333 1829 1373 immemorem
1856 1337 1936 1388 ejus
1963 1338 2018 1375 rei

238 1399 352 1437 fuisse
379 1413 454 1437 non
481 1412 694 1450 possumus,
738 1399 826 1450 quin
849 1411 1055 1437 sumamus:
1118 1398 1204 1448 quid
1228 1397 1298 1435 sibi
1324 1397 1474 1444 volunt,
1516 1397 1578 1447 qui
1610 1397 1654 1435 de
1680 1400 1873 1449 praeconis
1900 1402 2019 1439 moni-

237 1463 338 1503 tione
365 1463 487 1515 aliqua
512 1464 674 1516 cogitare
700 1476 768 1503 nos
790 1463 950 1516 jubent?
983 1462 1046 1501 An
1074 1474 1118 1501 ea
1145 1468 1202 1501 est
1226 1461 1373 1501 illorum
1399 1460 1641 1513 interpretum
1675 1461 1821 1514 opinio,
1860 1470 1920 1513 ut,
1956 1464 2018 1504 ubi

237 1528 391 1565 satiatus
428 1535 515 1579 potu
546 1528 698 1578 ciboque
734 1526 966 1564 Demodocus
992 1528 1124 1574 suerit,
1153 1538 1200 1563 ne
1227 1526 1418 1576 praeconis
1446 1526 1576 1576 quippe
1603 1526 1685 1563 aliis
1712 1529 1879 1578 occupati
1906 1541 2020 1579 nego·

239 1592 300 1630 tiis
328 1592 571 1630 ministerium
599 1591 952 1643 exspectaret,hunc
982 1591 1103 1629 dicere
1129 1590 1293 1629 voluisse
1318 1595 1495 1637 statuant,
1514 1589 1579 1627 sed
1605 1589 1682 1627 suis
1709 1590 1823 1641 ipsius
1850 1592 2019 1631 manibus

238 1660 277 1693 ut
302 1654 477 1694 citharam
505 1656 548 1695 dc
574 1656 690 1695 inlixo
716 1656 907 1696 columnae
935 1655 1039 1694 clavo
1056 1655 1245 1694 demeret?
1270 1653 1377 1692 Hanc
1388 1652 1671 1706 explicationem
1683 1660 1722 1692 ut
1732 1654 2016 1706 damushabere‚

237 1721 335 1770 quod
361 1721 507 1771 probari
534 1722 668 1772 possit,
705 1722 757 1760 ita
782 1728 859 1760 tum
885 1722 1027 1760 demum
1063 1733 1187 1760 veram
1223 1732 1266 1758 ae
1293 1719 1441 1770 probam
1470 1730 1551 1757 esse
1587 1731 1779 1758 censemus
1816 1727 1854 1759 et
1881 1722 2019 1761 oratio·

237 1784 295 1822 nis
322 1786 512 1824 contextui
539 1793 658 1837 aptam
675 1793 1048 1836 consentaneamque,
1070 1785 1101 1823 si
1118 1786 1308 1836 ἐπέφραδε
1331 1782 1674 1835 interpretabimur:
1704 1786 1938 1834 monstravit,
1967 1787 2019 1825 ita

239 1855 279 1886 ut
306 1848 394 1887 haec
420 1850 469 1887 sit
492 1851 605 1888 totius
632 1851 703 1888 loci
729 1851 934 1888 sententia:
963 1862 1118 1901 praeco,
1147 1848 1364 1899 prehensam
1389 1848 1491 1898 prius
1515 1846 1716 1886 Demodoci
1745 1863 1891 1888 manum
1911 1864 2017 1902 quam

234 1914 298 1951 ille
326 1916 572 1961 consedisset,
602 1916 636 1953 ei
662 1916 757 1962 loco,
787 1915 883 1952 unde
909 1915 1049 1952 cithara
1075 1914 1273 1964 pendebat,
1302 1926 1373 1963 quo
1400 1913 1543 1951 facilius
1569 1913 1677 1960 hanc,
1707 1914 1769 1952 ubi
1794 1916 1907 1953 finitis
1932 1929 2020 1966 epu·

238 1977 283 2015 lis
310 1979 463 2017 canendi
489 1985 628 2029 tempus
655 1979 839 2027 venisset,
876 1978 1064 2017 citharista
1096 1977 1276 2030 reperiret
1311 1974 1539 2030 (ἀνέληται),
1577 1977 1751 2018 admovit.
1807 1978 1924 2019 Recte
1951 1980 2018 2032 igi-

239 2048 299 2080 tur
326 2040 570 2081 Scholiastes:
600 2039 669 2089 τοῖς
694 2049 826 2098 χεῖρας
851 2044 1054 2097 ἐπέθηκεν,
1079 2044 1139 2083 ἵνα
1162 2042 1249 2092 γνῶ,
1276 2041 1377 2082 ἔνθα
1402 2046 1522 2081 κεῖται
1534 2040 1618 2091 10.)

343 2101 538 2158 Difficilior
566 2121 674 2158 etiam
701 2127 759 2157 est
783 2120 878 2157 ratio
904 2120 991 2166 loci,
1020 2121 1082 2171 qui
1106 2120 1242 2171 legitur
1269 2116 1341 2156 od.
1371 2135 1409 2167 τ,
1435 2118 1528 2156 477.

629 2180 687 2225 ⁴'H
712 2186 777 2225 καὶ
802 2180 1060 2237 Πηνελόπειαν
1088 2186 1278 2237 ἐςίδρακεν
1303 2181 1579 2235 ὄφθαλμοῒσιν,

642 2243 877 2302 Πεφραδέειν
904 2249 1096 2290 ἐθέλουσαι
1124 2247 1239 2300 φίλον
1264 2243 1373 2290 πόσιν
1398 2249 1498 2289 ἔνδον
1524 2246 1650 2288 ἐόντα.

343 2326 514 2366 Fuerunt
539 2326 697 2377 quidem,
727 2325 788 2376 qui
813 2337 890 2363 rem
918 2338 986 2363 acu
1013 2324 1178 2376 tetigisse
1202 2324 1272 2362 sibi
1298 2324 1527 2372 viderentur,
1557 2325 1593 2362 si·
1616 2325 1669 2362 sic
1696 2323 1786 2362 haec
1814 2325 1927 2364 verba
1954 2339 2018 2365 ex-

273 2500 328 2539 10)
349 2499 525 2543 Aptissima
544 2503 617 2531 sunt
638 2509 717 2541 quac
737 2509 805 2531 rem
822 2499 998 2537 illustrent,
1028 2496 1107 2528 baec
1136 2495 1292 2528 Nitzschii
1322 2496 1418 2528 verba
1449 2497 1490 2537 (1.
1511 2497 1535 2530 l.
1560 2498 1604 2532 P.
1625 2498 1676 2533 11.
1699 2509 1733 2540 p.
1758 2497 1882 2538 1⁷40:
1926 2500 2021 2537 „Der

350 2554 442 2586 Aede
463 2555 502 2585 ist
521 2553 613 2585 nieht
632 2554 703 2585 blos
722 2553 882 2597 qeladeu,
915 2563 965 2583 uun
986 2552 1211 2596 aufiuspielen
1231 2551 1309 2581 mler
1329 2550 1486 2582 weiht-end
1505 2551 1638 2582 Ande-re
1659 2552 1865 2590 schmausen,
1898 2563 1938 2583 zu
1957 2555 2018 2584 sin-

345 2621 421 2653 gen,
445 2608 581 2639 sunder-n
603 2619 636 2638 er
654 2609 697 2638 ist
714 2607 813 2638 selbst
834 2606 916 2638 Gast
935 2606 1002 2637 und
1022 2612 1099 2642 erst,
1122 2617 1216 2637 meum
1237 2605 1298 2635 das
1319 2606 1421 2636 Esse„
1441 2607 1553 2636 vor-bei
1574 2607 1616 2635 ist
1634 2605 1702 2636 und
1721 2605 1923 2638 ‹liciniano-
1939 2609 2018 2639 noch

350 2666 428 2696 beina
452 2655 579 2695 Becher
598 2663 706 2698 sitan,
731 2661 862 2705 beqimzt
884 2673 918 2692 er
935 2662 1043 2692 seinen
1066 2660 1198 2704 Gesemq
1213 2673 1221 2689 ε
1243 2660 1274 2697 1,
1302 2659 1385 2694 150.
1407 2659 1499 2693 422.
1521 2660 1588 2690 und
1607 2671 1641 2691 so
1662 2665 1760 2691 unica
1779 2659 1898 2695 485.“
