2296 3445
251 439 317 478 His
346 438 509 476 virorum
537 437 727 475 doctorum
755 437 988 489 opinionibus
1015 436 1136 477 album
1163 436 1342 476 calculum
1368 435 1495 490 adjicit
1519 434 1752 490 Spitzuerus.
1833 437 1902 478 Ait
1927 440 2025 480 enim

253 507 286 542 in
317 502 477 541 Excurs.
507 500 636 540 XXV.
666 503 710 540 ad
736 500 781 541 ll.
812 504 858 551 ξ,
888 501 978 542 499.
1007 517 1042 554 p.
1071 499 1240 541 XXXII.
1281 508 1344 541 aut
1376 501 1577 542 tollendum
1613 515 1694 543 esse
1725 515 1875 544 versum
1908 502 2022 552 500„

251 569 345 621 quod
371 568 540 620 πέφραδε
566 565 784 625 Homericus
811 580 931 606 sermo
962 580 1037 607 nou
1066 568 1245 616 admittat,
1275 573 1340 607 aut
1352 566 1420 607 hoc
1435 564 1600 609 Verbum
1629 567 1883 620 explicandum
1911 569 2026 618 {docfa

251 637 328 673 sive
356 634 530 671 ostendit.
584 631 753 670 Priorem
779 633 959 670 rationem
987 625 1135 672 secutus
1163 640 1220 672 est
1244 633 1304 671 vir
1330 633 1559 671 doctissimus
1583 633 1622 671 in
1653 646 1721 671 sua
1746 632 1869 672 Iliadis
1897 634 2026 672 editio-

252 715 319 748 ne;
349 714 433 738 nam
460 697 564 736 uncis
592 710 740 735 versum
768 695 857 736 500.
887 697 1049 737 inclusit.
1105 697 1150 737 In
1178 712 1249 749 qua
1274 711 1317 737 re
1343 698 1550 749 discrepant
1575 697 1618 736 ab
1646 695 1845 749 Spitznero
1873 696 2028 738 G.Her-

252 778 406 805 manuus
433 769 469 801 et
494 759 530 799 J.
558 759 771 808 nokkerus,
800 761 861 812 qui
891 767 1011 800 tamen
1040 762 1092 800 ita
1118 762 1217 801 inter
1242 775 1283 800 se
1310 762 1408 814 ipsos
1435 769 1523 801 sunt
1549 762 1704 810 diversi,
1734 768 1775 801 ut
1802 761 1896 800 alter
1923 774 2028 813 prae·

251 831 439 867 cedentem
467 839 634 871 versum,
672 840 827 876 quocum
854 828 1058 865 arctissime
1095 842 1132 866 v.
1169 826 1259 866 500.
1300 828 1492 874 cohaeret,
1528 828 1706 866 vocabulo
1734 833 1789 880 φη
1811 826 1928 865 Verbi
1953 827 2026 864 vim

253 895 432 939 tribuens,
464 890 516 929 sic
543 890 701 928 scribat:

652 978 704 982 ——
730 978 782 983 -—
808 979 859 984 —
885 979 937 984 ——-
962 956 981 995 ὅ
1006 958 1044 995 δὲ
1073 957 1141 1008 φῆ,
1167 951 1317 995 κώδειαν
1343 954 1536 1006 ἀνασχών,

254 1027 347 1062 alter
373 1023 491 1060 deleto
520 1029 605 1059 anto
634 1019 783 1061 καίἁειαν
810 1021 928 1059 inciso
956 1034 1082 1059 eorum
1109 1020 1315 1059 sententiae
1343 1019 1613 1070 adstipuletur,
1640 1021 1702 1070 qui
1739 1034 1849 1070 quum
1883 1024 1936 1071 Φη
1962 1032 2027 1069 pro

255 1086 439 1127 Adverbio
466 1091 626 1132 sumant,
658 1084 784 1123 eodem
811 1086 912 1124 vocis
941 1091 1084 1133 tenore,
1114 1097 1221 1136 quem
1233 1081 1462 1123 Scholiastae
1488 1090 1630 1133 tenent,
1660 1084 1827 1133 scribunt
1856 1078 1925 1136 φή.
1954 1080 2029 1121 Sed

256 1167 299 1191 ea
330 1152 372 1189 de
400 1163 440 1189 re
469 1149 691 1198 omni-noque
716 1149 762 1185 de
794 1163 830 1187 v.
861 1149 952 1187 499.
983 1162 1095 1187 sensu
1122 1163 1163 1187 ac
1190 1150 1334 1187 ratione
1360 1149 1562 1187 videbimus
1588 1149 1705 1197 iul'ra3
1736 1148 1887 1187 nuncin
1915 1147 2031 1197 expli-

254 1214 491 1256 candaVerbi
519 1210 671 1266 φρίζειν
697 1214 733 1251 vi
767 1220 803 1251 et
830 1214 1097 1264 significatione
1124 1214 1365 1252 versabimur.
1397 1212 1441 1252 ln
1470 1227 1541 1264 qua
1568 1213 1773 1252 definienda
1800 1225 1875 1251 nou
1901 1223 2029 1250 omnes

258 1289 400 1320 veteres
441 1278 593 1317 Homeri
633 1278 852 1330 interpretes
893 1278 937 1316 ab
972 1277 1179 1316 Aristarchi
1209 1278 1371 1330 partibus
1401 1278 1572 1327 stetisse,
1634 1291 1683 1318 ex
1715 1278 1760 1317 iis
1791 1276 1935 1329 quidem
1968 1289 2031 1327 ap·-

256 1352 371 1399 parrt‚
405 1356 497 1395 quae
525 1343 563 1380 in
594 1341 718 1380 schol.
750 1342 885 1381 Venet.
915 1343 989 1391 A.,
1028 1343 1066 1380 in
1095 1341 1234 1381 Scholl.
1264 1342 1364 1381 Vict.
1401 1350 1439 1381 et
1462 1342 1567 1395 Lips.
1608 1350 1645 1381 et
1677 1344 1770 1395 apud
1794 1341 2030 1380 Eustathium

255 1414 297 1449 de,
329 1408 533 1448 Aristarchi
560 1408 745 1445 sententia
771 1409 956 1458 leguntur.
1011 1407 1138 1446 Schol.
1168 1410 1265 1448 enim
1293 1407 1429 1447 Venet.
1460 1410 1637 1460 duplicem
1664 1410 1770 1448 affert
1798 1421 1939 1454 eorum,
1970 1405 2032 1456 qui

257 1478 300 1514 dr
328 1489 389 1513 vv.
420 1472 510 1512 400.
543 1479 578 1510 et
605 1472 696 1511 500.
726 1473 898 1525 suffragia
928 1473 1105 1520 tulerunt,
1136 1473 1359 1524 opinionem,
1390 1487 1499 1513 unam
1527 1487 1609 1513 cum
1634 1472 1852 1513 Aristarcho
1882 1484 2030 1511 versum

256 1540 349 1578 500.
392 1538 636 1589 rejiciendum
664 1550 744 1576 esse
771 1538 851 1576 ideo
880 1538 1115 1589 negantium,
1152 1538 1247 1588 quod
1278 1539 1317 1577 in
1351 1552 1453 1578 more
1484 1539 1643 1591 positum
1669 1539 1718 1577 sit
1744 1544 1954 1590 poetarum,
1993 1542 2034 1574 ut

256 1607 361 1657 plura
397 1603 559 1655 ejusdem
586 1602 810 1653 significatus
848 1603 960 1641 verba
994 1604 1240 1655 conjungant3
1304 1603 1456 1642 alteram
1497 1616 1647 1650 eorum,
1702 1602 1763 1653 qui
1805 1616 1954 1642 versum
1989 1601 2032 1639 il-

253 1672 345 1715 lum,
376 1668 505 1719 quippe
533 1666 593 1716 qui
620 1667 810 1705 molestam
838 1666 968 1705 habeat
995 1666 1245 1718 tautologiam,
1275 1666 1438 1717 spurium
1465 1679 1546 1706 esse
1571 1673 1680 1717 atque
1709 1667 1964 1719 expellendum
1983 1678 2033 1704 ex

256 1735 418 1772 llmnero
446 1731 684 1769 arbitrantur.

364 1807 533 1858 Quorum
561 1807 800 1857 interpretum
829 1808 1020 1858 opiniones
1048 1807 1276 1846 tradiderunt
1300 1806 1442 1846 Sc'holl.
1478 1806 1578 1847 Vict.
1615 1815 1653 1847 et
1680 1806 1809 1860 Lips.,
1845 1808 1871 1847 ii
1904 1814 1941 1846 et
1966 1806 2035 1858 ipsi

265 1875 385 1913 Verba
413 1874 481 1923 φ’ῆ,
509 1874 691 1924 πέφραδε,
717 1870 799 1923 ηὗδε
822 1876 868 1911 -ἐκ
895 1870 1139 1924 παραλλήλου
1167 1872 1263 1909 dieta
1288 1883 1369 1909 esse
1397 1871 1541 1910 docent.
1597 1870 1813 1911 Eustathius
1839 1883 1930 1910 vero
1956 1875 2035 1907 tau-

256 1939 433 1990 tologiam
463 1935 605 1987 quidem
635 1936 672 1973 in
704 1935 832 1974 horum
842 1934 1048 1974 Verborum
1074 1936 1303 1987 copulatione
1330 1936 1452 1974 inesse
1480 1942 1620 1984 censet,
1649 1937 1712 1975 sed
1739 1949 1832 1987 quae
1859 1935 1947 1973 satis
1973 1933 2036 1971 ha-

259 2005 344 2042 beat
371 2000 621 2040 excusationis
649 2000 693 2038 ab
720 2002 789 2048 rci,
820 2014 912 2052 quae
941 2008 1150 2048 enarratur,
1181 2007 1313 2039 natura
1340 2014 1382 2039 ac
1408 2001 1565 2040 ratione.
1621 2000 1684 2040 Ex
1707 2001 1894 2040 veteribus
1920 1997 2036 2038 Lexi-

255 2066 466 2118 .cographis,
495 2064 732 2116 Apollonium
756 2066 792 2103 si
820 2065 1025 2116 exceperis,
1053 2066 1098 2103 de
1127 2079 1197 2115 quo
1223 2078 1333 2116 supra
1360 2065 1532 2113 diximus,
1564 2079 1659 2104 unus
1670 2065 1892 2117 Hesychius,
1922 2074 2036 2113 quan-

263 2141 338 2169 tum
366 2131 521 2176 seimus,
557 2130 726 2167 vocabuli
759 2126 912 2184 φρέξειν
945 2145 1051 2168 usum
1078 2129 1313 2167 Homericum
1339 2130 1544 2180 significat,
1574 2131 1633 2168 vel
1659 2131 1802 2169 die-endi
1827 2129 1888 2167 vel
1913 2134 2035 2166 osten-

262 2196 371 2235 dendi
399 2200 613 2246 potestatem
640 2194 723 2232 voci
755 2195 968 2242 vindicans3
1024 2194 1131 2232 habet
1166 2194 1263 2232 enim
1298 2193 1406 2232 haec:
1462 2196 1666 2247 πέφραδεν,
1692 2194 1809 2244 εἶπεν,
1836 2187 2033 2245 ἐσήμηνεν·

262 2256 460 2313 πεφράδοι,
484 2254 725 2311 διασημῆνειε,
751 2259 858 2299 εἴποι.
915 2257 990 2308 Qui
1017 2265 1137 2296 autem
1167 2265 1294 2296 nostra
1321 2265 1439 2296 aetate
1469 2258 1612 2297 Graeca
1625 2258 1769 2297 Lexica
1797 2256 2038 2296 condiderunt

267 2327 334 2364 viri
363 2325 479 2370 docti,
519 2330 559 2361 ut
582 2322 793 2369 Dammius,
824 2329 865 2360 ut
891 2321 1111 2367 Riemerus,
1141 2329 1177 2359 ut
1206 2321 1426 2369 Passovius,
1457 2323 1546 2360 adeo
1575 2337 1650 2361 non
1675 2324 1715 2361 in
1742 2320 1948 2360 Aristarchi
1976 2332 2038 2357 eo-

263 2402 431 2441 rumque,
461 2388 522 2440 qui
550 2401 631 2427 cum
658 2401 702 2427 eo
729 2388 881 2436 faciunt,
912 2387 1100 2426 discedunt
1129 2394 1264 2439 parti-S,
1295 2393 1335 2425 ut
1365 2400 1387 2425 a
1416 2387 1558 2426 dicendi
1584 2387 1737 2426 notione
1763 2392 1888 2438 utpote
1908 2384 2038 2436 prima—

264 2457 319 2495 ria
346 2453 658 2506 explanandarum
689 2453 797 2505 hujus
823 2451 937 2491 Verbi
967 2453 1275 2505 significationum
1304 2452 1448 2491 initium
1476 2452 1624 2490 faciant.
1705 2450 1950 2491 Doederlinus
1978 2450 2037 2488 de-

266 2522 390 2571 nique,
421 2521 483 2570 qui
510 2519 549 2556 in
572 2516 783 2570 Synonym.
813 2516 899 2556 Lat.
932 2518 981 2556 T.
1013 2516 1080 2556 IV.
1113 2531 1147 2568 p.
1181 2516 1320 2555 1—14.
1352 2517 1395 2554 de
1430 2529 1474 2554 eo
1499 2515 1718 2555 Latinorum
1744 2515 1951 2555 Verborum
1976 2528 2038 2565 ge-

264 2599 353 2625 nere
381 2584 556 2636 exponit,
588 2583 717 2634 quibus
744 2583 884 2621 dicendi
919 2582 1137 2635 significatio
1166 2581 1368 2621 communis
1394 2587 1473 2628 est,
1507 2581 1615 2620 etiam
1644 2581 1687 2620 de
1715 2579 1868 2620 Graecis
1894 2579 2039 2631 quibus-

267 2653 344 2689 dam
375 2649 575 2695 vocabulis,
607 2660 700 2699 quae
728 2647 820 2686 hane
847 2648 987 2686 dicendi
1017 2648 1090 2686 vim
1120 2645 1300 2693 habeant,
1332 2646 1504 2697 disputat,
1531 2643 1776 2686 Doederlinus
1803 2645 1927 2697 igitur,
1956 2657 2037 2696 gra-
