2296 3445
1153 300 1178 341 4

263 422 498 460 Scholion-um
569 427 742 470 tanquam
804 420 952 458 testium
1015 419 1085 458 lide
1153 425 1262 469 atque
1323 420 1544 459 auctoritate
1610 422 1653 459 de
1701 422 1833 461 studiis
1875 427 1955 476 ejus
1996 425 2072 464 llo-

262 487 410 525 mericis
464 485 644 537 singulari
699 485 793 523 libro
849 484 997 536 copiose
1052 497 1094 522 ae
1150 483 1336 522 subtiliter
1389 485 1576 537 exposuit.
1661 483 1890 528 Continetur
1925 488 2074 530 Lehrsii

265 553 358 590 liber
385 550 709 590 dissertationibus
739 550 918 601 quinque.
976 547 1144 599 Quarum
1184 549 1223 587 in
1259 549 1423 587 secunda
1456 556 1494 588 et
1530 549 1641 589 tertia
1670 566 1782 603 quum
1817 554 1861 593 de
1895 555 2078 606 interpre-

266 617 366 655 tandi
425 623 506 655 arte
543 614 785 653 Aristan-bea
837 614 889 653 ita
943 614 1003 652 vir
1057 613 1291 652 doctissimus
1334 613 1569 663 disseruerit,
1624 622 1680 663 ut,
1737 618 1823 668 quid
1867 622 1960 658 'ante
2013 633 2077 658 ve-

264 690 381 720 terem
411 680 704 720 Grammatieum
734 681 772 718 in
803 678 1087 718 numericorum
1115 679 1380 718 vocabulorum
1409 679 1658 731 explicatione
1685 683 1902 733 praestitum
1933 686 2078 725 videre-

267 755 327 786 tur
364 754 401 785 et
437 746 522 797 quid
557 747 634 797 ipse
669 745 938 797 praestitisset,
976 744 1078 795 larga
1107 744 1362 795 exemplorum
1389 745 1494 796 copia
1521 745 1748 785 declararet:
1786 761 1855 786 nos
1883 762 1995 800 quum
2023 758 2078 789 to·

267 820 343 851 tum
372 811 559 863 egregium
588 810 720 848 librum
761 810 969 848 studuimus
999 821 1241 860 cognoscere,
1299 815 1375 847 tum
1405 808 1514 857 banc,
1570 824 1678 861 quam
1705 811 1881 860 diximus,
1936 822 2076 865 partem

269 875 549 928 diligentissime
610 874 957 925 pem-cstigavimus.
976 873 1018 922 3)
1111 872 1154 911 ln
1208 886 1279 924 qua
1333 886 1373 911 re
1429 887 1511 913 eum
1565 875 1645 926 ipso
1701 875 1864 915 Homero
1914 877 2082 919 Aristar-

267 943 375 979 cheas
404 940 688 991 explanationes
717 952 761 976 eo
782 940 939 976 consilio
975 938 1283 988 comparavimus,
1315 945 1368 984 ut,
1399 939 1503 976 illum
1529 939 1771 991 interpretem
1790 941 2074 982 Homericorum

269 1012 400 1044 testem
437 1011 473 1043 et
500 1010 689 1043 auctorem
724 1016 840 1041 unum
858 1002 1062 1041 Homerum
1097 1000 1270 1039 babuisse
1298 1001 1495 1053 omniaque
1529 1003 1573 1041 ad
1589 1004 1774 1056 propriam
1816 1013 1945 1057 poetae
1963 1008 2080 1048 virtu-

269 1079 340 1109 tem
377 1070 623 1121 expendisse,
670 1075 771 1106 reete
812 1081 900 1106 num
928 1066 1112 1105 Lebrsius
1147 1066 1410 1113 contenderet,
1447 1067 1654 1107 certissima
1680 1070 1827 1108 ratione
1855 1072 2081 1124 perspicere-

268 1149 363 1173 mus.
396 1133 481 1184 Quo
499 1133 736 1184 comparandi
765 1133 888 1170 studio
916 1139 953 1170 et
981 1132 1107 1169 labore
1133 1131 1218 1181 quid
1244 1131 1438 1169 videamur
1461 1133 1621 1171 assecuti
1637 1146 1734 1181 esse,
1751 1135 1884 1185 placet,
1903 1138 2082 1176 redeunte

271 1200 337 1237 hac
371 1198 631 1237 anniversaria
665 1197 851 1235 scribendi
887 1195 1186 1248 opportunitate,
1244 1195 1414 1247 exemplo
1472 1196 1740 1236 demonstrare.
1807 1196 1931 1248 Quum
1955 1213 1958 1216 ·
1985 1201 2082 1240 enim

268 1277 379 1315 saepe
406 1262 667 1301 Aristarchum
697 1262 829 1300 secisse
855 1260 1062 1307 videamus,
1093 1267 1133 1298 ut
1162 1273 1239 1298 non
1267 1266 1341 1298 tam
1372 1261 1459 1311 quid
1486 1261 1741 1313 significarent
1765 1264 1946 1304 voeabula
1973 1266 2081 1305 doee-

271 1336 341 1375 ret,
373 1342 480 1379 quam
510 1327 595 1378 quid
623 1340 699 1365 non
726 1325 996 1377 significarent,
1029 1338 1078 1364 ex
1105 1324 1286 1377 ejusmodi
1315 1325 1685 1377 interpretationibus
1714 1341 1826 1367 unam
1854 1330 1893 1368 in
1921 1332 2079 1369 medium

271 1394 500 1445 proferamus
529 1390 645 1430 Verbi
675 1385 853 1445 φράζειν,
912 1389 951 1428 in
989 1389 1085 1441 quod
1120 1395 1158 1428 et
1187 1395 1338 1441 propter
1366 1389 1532 1430 virorum
1564 1390 1754 1431 doctorum
1780 1392 2078 1446 discrepantiam,

271 1465 306 1495 rt
334 1459 420 1508 quia
448 1464 622 1495 accurata
651 1456 761 1507 hujus
789 1455 960 1493 vocabuli
986 1455 1186 1505 explicatio
1214 1454 1259 1492 ad
1285 1454 1483 1493 solvendas
1510 1456 1570 1494 vel
1601 1461 1701 1496 certe
1724 1457 1951 1509 adjuvandas
1974 1473 2082 1510 quas—

274 1524 356 1561 dam
387 1522 627 1573 quaestiones
657 1519 805 1559 criticas
833 1519 1030 1571 plurimum
1061 1520 1184 1559 faeere
1210 1519 1372 1567 videtur,
1429 1534 1504 1559 non
1534 1521 1718 1560 inutiliter
1744 1536 1813 1561 nos
1839 1523 2083 1574 inquisituros

272 1599 353 1638 csse
371 1587 610 1625 arbitramur.
621 1584 668 1634 4>
703 1582 825 1635 Quam
853 1596 932 1623 rem
960 1590 1001 1622 ut
1029 1590 1113 1636 apte
1141 1590 1179 1623 et
1198 1584 1469 1624 convenienter
1481 1591 1764 1637 pertractemuS‚
1781 1588 1985 1640 primumet
1996 1588 2084 1629 Ari-

326 1771 357 1806 3)
383 1769 577 1799 Inseribitur
606 1769 689 1799 liber
720 1769 770 1799 De
799 1765 983 1797 Aristarchi
1012 1767 1124 1798 studiis
1154 1767 1348 1800 Homericis.
1394 1766 1548 1809 Spectant
1570 1767 1655 1807 liue,
1681 1781 1761 1812 qnae
1784 1781 1818 1812 p.
1848 1769 1904 1801 18.
1930 1771 1995 1806 54.
2021 1771 2085 1805 56.

381 1822 446 1854 59.
471 1822 534 1853 65.
559 1821 621 1855 85.
649 1821 737 1853 1⁴5.
762 1819 851 1853 148.
879 1819 965 1852 160.
991 1819 1075 1851 tGG.
1101 1820 1189 1852 5235.
1211 1821 1344 1861 aliisque
1366 1820 1446 1851 locis
1468 1822 1645 1862 permultis,
1669 1825 1805 1855 mxime
1826 1826 1862 1855 in
1874 1825 2082 1857 Disserelv.

385 1879 473 1919 Cap.
496 1878 546 1910 11.
574 1876 614 1906 dc
636 1873 820 1906 Aristarchi
842 1875 1089 1916 incomparabili
1110 1875 1288 1914 diligentia,
1310 1874 1432 1905 sollerti
1454 1875 1597 1915 ingenio,
1621 1883 1836 1909 consummata
1847 1891 1948 1921 paene
1969 1886 2035 1912 arte
2058 1887 2087 1912 et

367 1932 502 1962 'ratione
524 1930 697 1971 ceterisque
719 1928 888 1961 virtutibus
910 1928 1064 1959 Lebrsius
1085 1928 1235 1970 disputat.
1280 1926 1404 1958 Contra
1419 1927 1582 1959 Wottium
1604 1930 1652 1961 vir
1676 1930 1875 1964 doctissimus
1897 1945 1993 1975 quum
2016 1934 2087 1966 aliis

380 1987 459 2017 locis
482 1990 548 2016 tum
570 1997 604 2026 p.
629 1982 791 2015 67-68,
813 1981 950 2024 1³:555.
972 1980 1188 2012 560-562.
1211 1979 1304 2011 564.
1328 1980 1534 2012 5⁷2-575.
1558 1983 1781 2015 Aristan-etium
1805 1989 1945 2026 graviter
1965 1999 2003 2019 ae
2024 1990 2075 2020 for

379 2040 621 2075 titcrdcscndit3
645 2038 876 2069 Buttmannum
898 2035 984 2067 haud
1005 2046 1079 2067 raro
1102 2035 1241 2078 quidem,
1265 2035 1320 2066 scd
1341 2034 1478 2068 breviter
1500 2037 1629 2075 refellit,
1654 2038 1757 2070 veluti·
1774 2051 1809 2083 p.
1836 2039 1902 2077 80,
1926 2041 2086 2077 84-833,

378 2096 446 2128 94.
470 2095 534 2127 97.
560 2094 647 2126 165.

334 2151 366 2190 ¹1)
390 2149 566 2191 Quaerenti
588 2148 749 2190 quomodo
771 2148 811 2179 sit
832 2148 963 2184 sactum,
986 2149 1021 2176 ut
1042 2144 1084 2175 ad
1104 2144 1159 2182 id,
1183 2145 1270 2186 quod
1293 2144 1497 2183 volebamus,
1520 2147 1823 2188 demonstrandum,
1848 2149 1942 2193 liujus
1963 2155 2085 2195 potissi.

378 2215 466 2234 mum
488 2204 575 2234 vocis
596 2203 808 2244 explicatione
830 2206 1003 2237 uteremur,
1026 2199 1088 2229 hoc
1109 2200 1367 2240 respondendum
1388 2200 1522 2231 videtur.
1570 2202 1678 2243 Quum
1702 2209 1825 2245 tempus
1845 2207 1999 2245 venisset,
2024 2219 2087 2249 quo

380 2258 420 2288 dc
445 2257 709 2288 commentatione
729 2256 835 2297 aliqua
859 2255 1063 2296 cogitandum
1086 2252 1179 2283 nobis
1203 2258 1280 2289 erut,
1306 2265 1380 2294 qna,
1406 2265 1486 2295 quae
1507 2255 1680 2294 instabant,
1694 2258 1858 2290 solemnia
1881 2260 2010 2292 scholae
2033 2273 2087 2293 ,ω

381 2317 462 2342 strnc
483 2311 702 2342 anniversaria
726 2310 963 2345 indicerentur,
987 2309 1020 2338 in
1046 2308 1153 2337 nnimo
1175 2306 1365 2344 babuimus,
1390 2309 1429 2339 de
1452 2319 1489 2339 co
1511 2309 1741 2342 vocabulorum
1766 2313 2011 2347 Homericorum
2036 2328 2087 2358 gc-

381 2378 454 2397 nere
474 2367 656 2408 disputnre,
681 2375 760 2405 quae
783 2373 985 2394 communem
1015 2363 1142 2392 «licendi
1172 2362 1436 2401 significationem
1472 2363 1725 2396 hn1›ent.sc‹t
1751 2371 1915 2407 postquam
1942 2380 2070 2409 aggi-es,
2058 2374 2082 2401 -ί

381 2431 462 2462 opus
505 2429 633 2456 sumus,
682 2417 850 2460 adparuit,
891 2426 958 2447 rem
990 2415 1084 2446 latius
1124 2418 1243 2456 patere,
1276 2425 1371 2456 quam
1402 2426 1482 2456 quae
1511 2417 1655 2448 terminis
1685 2417 1745 2449 tali·
1777 2420 1945 2462 scriptioni
1975 2425 2087 2465 praefi.

380 2487 454 2515 nitis
476 2485 633 2517 contineri
656 2487 773 2524 posset.
843 2481 918 2522 Qua
939 2492 973 2511 re
996 2484 1116 2510 mutato
1138 2480 1274 2510 consilio
1297 2480 1442 2510 Verbum
1471 2465 1645 2522 Φραξυν,
1674 2484 1759 2522 quod
1789 2485 1823 2515 in
1853 2486 1983 2517 illorum
2004 2488 2084 2520 Ver.

379 2541 494 2571 borum
516 2549 682 2569 numerum
704 2536 816 2567 referri
839 2536 930 2573 solet,
953 2545 1094 2566 seorsum
1118 2538 1252 2565 tractare
1273 2545 1311 2565 eo
1332 2535 1429 2566 satius
1448 2534 1608 2571 «luximus,
1632 2537 1716 2576 quod
1740 2536 1834 2580 hujus
1855 2539 1959 2571 Verbi
1981 2543 2086 2584 expla-

382 2595 529 2629 natione,
585 2602 665 2635 quae
697 2594 804 2621 nostra
838 2592 916 2620 esset
946 2589 985 2619 de
1007 2587 1213 2619 Aristan-chen
1235 2587 1466 2630 interpretandi
1488 2587 1611 2618 ratione
1632 2592 1805 2629 sententia,
1844 2593 2005 2627 declarare
2028 2607 2085 2628 nos

380 2659 471 2692 posse
492 2646 713 2690 sperabamus.
