2296 3445
1128 304 1157 349 8

261 428 319 477 qui
348 426 483 473 minus,
515 439 622 477 quam
648 426 760 476 vulgo
786 425 954 472 credunt,
982 425 1108 462 valere
1135 424 1239 462 nobis
1267 423 1411 473 quidem
1436 424 1483 462 ad
1507 423 1789 465 Homer-iconam
1815 426 2029 467 illustratio-

262 504 344 531 nem
370 491 563 540 videatur,
599 490 666 531 hac
698 490 738 530 in
764 503 806 530 re
828 490 905 544 jam
933 501 1078 530 omnem
1106 487 1363 541 disputationis
1392 496 1543 530 nostrae
1575 503 1724 542 operam
1756 491 2029 542 collocabimus,

260 564 298 595 ut.
325 569 370 594 ne
400 569 495 594 unus
523 557 666 609 quidem
694 556 811 604 locus,
843 570 913 608 quo
939 555 1124 594 Homerus
1150 554 1250 593 illam
1274 567 1402 593 vocem
1428 556 1632 609 usurpavit,
1661 570 1730 597 nos
1756 557 1884 609 fugiat.
1922 555 2033 609 Quod

261 622 445 672 negotium
473 623 503 660 si
532 623 726 673 diligenter
753 622 1018 673 perficiemus‚²
1045 621 1124 659 fieri
1159 621 1316 658 fortasse
1343 622 1497 671 poterit,
1525 627 1587 668 ut,
1616 621 1759 660 collatis
1785 622 1888 661 inter
1912 636 1953 662 se
1979 624 2034 662 lo-

257 687 309 725 cis
336 685 542 726 Homericis
571 688 759 736 omnibus,
796 693 860 725 aut
891 686 961 738 ipsi
997 686 1053 725 his
1091 686 1304 725 certissimis
1335 686 1451 739 adjuti
1482 686 1653 726 subsidiis
1680 687 1727 726 ad
1750 687 1927 739 liquidum
1954 703 2032 729 rem

259 752 495 803 perducamus
523 759 587 791 aut
610 758 709 791 certe
736 751 817 791 aliis
844 751 940 790 viam
972 751 1166 803 quandam,
1196 764 1268 803 qua
1294 750 1331 789 id
1359 757 1615 803 assequantur,
1644 752 1953 804 praemuniamus.

362 817 432 855 Est
457 824 579 856 autem
606 816 722 855 Verbi
751 814 908 870 φράζειν
933 830 1021 855 usus
1048 816 1268 855 Homericus
1296 830 1372 854 non
1398 817 1451 854 ita
1476 818 1671 867 frequens,
1700 823 1742 855 ut
1769 830 1895 856 eorum
1921 831 2032 857 voca-

261 885 440 929 bulorum,
471 882 601 932 quibus
627 882 687 920 vel
716 882 859 920 dicendi
884 882 958 920 vim
985 882 1067 920 sinc
1093 882 1167 920 ulla
1195 881 1420 919 dubitatione
1445 880 1542 919 docti
1568 881 1797 929 concedunt,
1823 882 1884 920 vel
1909 889 2035 933 aperta

260 950 354 987 inest
381 947 600 999 significatio
628 947 870 985 monstrandi.
949 945 1047 985 Nam
1080 947 1200 985 activa
1238 945 1346 996 hujus
1380 941 1496 982 Verbi
1526 943 1664 992 forma,
1699 944 1743 983 de
1777 960 1849 997 qua
1873 946 1953 986 sola
1976 946 2034 986 hic

260 1014 507 1063 quaerendum
535 1012 694 1056 videtur,
724 1011 813 1047 loeis
842 1011 1002 1048 occurrit
1027 1024 1207 1048 summum
1233 1008 1362 1060 viginti
1391 1014 1561 1058 quatuor,
1590 1014 1629 1045 et
1653 1008 1706 1046 ita
1732 1010 1891 1060 quidem,
1918 1016 1972 1057 ut,
2002 1011 2034 1048 si

260 1077 472 1116 discesseris
498 1090 521 1114 a
547 1076 664 1113 forma
689 1073 828 1113 Aor.I.
858 1077 1018 1127 ἔφρασε,
1048 1086 1140 1124 quae
1167 1073 1281 1112 semel
1304 1073 1508 1124 reperitur:
1538 1070 1610 1111 Od.
1638 1076 1680 1123 λ,
1705 1073 1790 1122 22.,
1817 1088 1913 1114 unus
1936 1074 2031 1113 Aor.

264 1141 291 1181 Ι.
321 1155 342 1180 a
369 1147 475 1193 poeta
503 1147 698 1192 usurpatus
726 1140 868 1192 legatur
895 1139 949 1178 his
977 1138 1122 1178 formis:
1173 1139 1383 1192 πέφραδον,
1407 1139 1635 1192 ἐπέφραδον,
1660 1133 1862 1193 πεφράδοι,
1887 1145 2033 1193 πεφρα-

260 1210 364 1255 δέειν,
389 1208 643 1258 πεφραδέμεν,
671 1219 776 1255 quam
803 1219 880 1243 rem
908 1219 983 1242 non
1010 1204 1145 1242 idcirco
1173 1203 1407 1254 adtingimus,
1436 1210 1490 1250 ut,
1519 1216 1626 1253 quam
1654 1211 1824 1242 accurate
1850 1212 2035 1256 computa-

260 1271 421 1309 verimus
455 1281 634 1320 quamque
668 1269 863 1321 diligenter
893 1268 1210 1307 observaverimus
1242 1267 1345 1307 inani
1380 1268 1497 1307 laudis
1531 1267 1651 1307 studio
1679 1268 1934 1318 ostendamus,
1971 1270 2035 1309 sed

261 1337 346 1387 quia
397 1335 570 1373 vacillare
621 1341 729 1385 atque
768 1335 866 1372 inter
904 1346 944 1371 se
986 1345 1190 1385 repugnare
1224 1331 1491 1370 Grammaticos
1535 1338 1572 1370 et
1603 1331 1904 1385 Lexicographos
1935 1335 2035 1373 vide-

263 1414 343 1439 mus
371 1400 414 1437 de
443 1400 580 1437 formae
609 1401 820 1451 ἐπέφραδον
846 1411 915 1436 usu
942 1411 983 1436 ac
1011 1398 1169 1436 ratione.
1225 1395 1415 1435 Dammius
1442 1396 1541 1435 enim
1567 1409 1599 1436 S.
1628 1411 1666 1436 v.
1697 1396 1910 1453 ἐπιφρᾶζωε
1965 1398 2037 1438 Est

263 1467 360 1507 (scil.
392 1467 507 1502 forma
534 1467 772 1516 ἐπέφραδον),
802 1463 934 1513 inquit,
963 1463 1056 1501 Aor.
1087 1463 1127 1501 2.
1155 1469 1227 1500 act.
1256 1463 1299 1500 ab
1327 1456 1534 1515 ἐπιφρᾶζω.
1604 1461 1733 1501 Possis
1761 1469 1883 1502 tamen
1911 1464 2036 1502 crede-

262 1546 318 1573 re.
350 1543 431 1569 esse
460 1529 614 1568 eundem
642 1543 720 1568 aor.
750 1529 789 1568 2.
819 1528 905 1567 Act.
937 1543 959 1567 a
985 1528 1139 1579 simplici
1167 1522 1321 1582 φράζειν
1348 1540 1430 1565 cum
1456 1528 1660 1579 augmentis
1669 1529 1806 1581 jonicis
1822 1529 1937 1568 tribus
1950 1530 1977 1569 i.
1997 1543 2032 1569 e.

266 1597 427 1649 praelixa
454 1594 742 1646 reduplicatione
770 1600 807 1632 et
831 1594 951 1632 addito
981 1593 1132 1645 insuper
1158 1598 1369 1645 augmento.
1425 1589 1501 1630 Sed
1528 1605 1661 1632 novam
1681 1594 1784 1632 verbi
1798 1595 1950 1633 formam
1970 1600 2037 1637 πό-

265 1659 413 1713 φραέδω,
451 1661 581 1697 saetam
608 1672 629 1696 a
657 1661 747 1710 perf.
775 1659 814 1697 2.
845 1660 1036 1712 πέφραδα,
1067 1658 1161 1709 quod
1189 1659 1280 1696 alias
1307 1655 1460 1694 Graecis
1486 1657 1651 1696 insolens
1676 1671 1751 1696 non
1778 1664 1854 1706 est,
1890 1660 2037 1698 commi-

267 1726 374 1764 nisci.
405 1739 478 1762 non
507 1723 653 1761 videtur
679 1724 940 1762 necessarium.
998 1720 1069 1762 Cui
1098 1721 1255 1761 Dammii
1283 1722 1447 1773 opinioni
1464 1721 1705 1761 Thierschius
1733 1724 1946 1772 assentitur,
1976 1727 2037 1775 qui

269 1792 303 1828 iu
335 1789 410 1829 Gr.
444 1787 517 1827 Gr.
545 1787 579 1836 ἓ.
609 1786 700 1826 232.
729 1787 818 1827 156.
874 1787 1026 1837 „Olane
1055 1787 1355 1840 Reduplication
1381 1787 1432 1825 ist
1459 1801 1538 1826 nur
1564 1788 1726 1839 ἔφραδε,
1748 1786 1809 1841 {zu
1837 1789 1923 1829 dem
1951 1793 2036 1830 ἐπέ-

269 1857 387 1906 φραδε
417 1852 488 1889 Od.
519 1852 566 1897 θ,
596 1851 662 1889 68.
681 1851 893 1906 ἐπέφραδον
919 1850 964 1889 Il.
995 1867 1033 1899 κ,
1064 1851 1152 1889 127.
1183 1851 1334 1898 kommt,
1362 1863 1423 1889 wo
1450 1851 1790 1903 ἐπιφρασσαίμεθα
1814 1851 1859 1891 ΙΙ.
1882 1868 1916 1902 ν,
1945 1854 2034 1893 741.

268 1921 378 1971 :elya
407 1918 498 1955 dass
514 1916 612 1968 jene
628 1916 799 1955 Formen
823 1934 910 1955 vom
930 1915 1180 1966 Compositum
1208 1912 1400 1967 ἐπιφρα’ς”ω
1425 1915 1602 1953 'conamen
1626 1918 1711 1954 und
1731 1917 1843 1955 nicht
1866 1922 2038 1959 e-u-

268 1984 403 2036 φραὲε,
430 1981 507 2020 wie
534 1980 677 2031 ἔπεφνε
703 1981 937 2034 αιςμιιῖϋεεη
962 1979 1151 2030 εἱιιι1.“7)
1212 1976 1353 2019 Contra
1379 1976 1627 2018 Buttmannus
1653 1979 1692 2019 in
1719 1981 1827 2033 ampl.
1860 1981 1933 2023 Gr.
1965 1983 2037 2025 Gr.

271 2048 354 2085 vol.
386 2045 435 2083 ll.
465 2044 510 2083 P.
542 2044 578 2082 1.
610 2058 644 2096 p.
675 2045 765 2083 250.
796 2060 827 2085 s.
858 2060 895 2084 v.
925 2043 1073 2100 φροίζωε
1132 2046 1254 2096 ,3Das
1281 2044 1400 2084 Actius
1423 2044 1495 2083 luat
1532 2043 1594 2083 bei
1619 2045 1694 2084 dem
1721 2045 1900 2100 Epikem
1924 2048 2040 2087 einen

267 2115 408 2153 Aut-ist
432 2112 621 2163 πέφραδον
647 2112 740 2150 oder
765 2108 974 2164 ἐπέφραδον
1000 2109 1045 2149 ΙΙ.
1074 2127 1112 2159 κ,
1144 2110 1268 2150 127.“
1300 2116 1336 2148 et
1364 2110 1398 2160 §.
1427 2109 1492 2149 83.
1523 2109 1586 2149 10.
1632 2111 1738 2160 „Rei
1762 2112 1838 2151 den
1864 2112 2040 2165 Epikern

267 2178 335 2217 Im!
362 2175 496 2229 liiiufiy
523 2175 627 2215 ιιιιεΙι
654 2176 723 2215 der
750 2176 934 2216 Aoi-istus
960 2176 999 2215 2.
1029 2176 1121 2216 Act.
1149 2176 1233 2214 und
1255 2175 1363 2214 Med.
1390 2175 1453 2213 die
1479 2176 1795 2228 Reduplt'cala‘aem,
1822 2177 1970 2217 welche
1979 2192 2040 2217 so·

269 2244 372 2280 dmm
402 2241 526 2278 ‹Im-eli
554 2240 631 2278 alle
656 2242 796 2278 Allodos
824 2240 955 2279 bleibt.
983 2262 1034 2267 —
1058 2241 1112 2277 1η
1139 2241 1293 2293 είηίῃεη
1320 2241 1500 2293 weniyen
1526 2239 1669 2278 Fauen
1692 2242 1830 2280 warde
1854 2243 1907 2280 im
1929 2242 2040 2280 Indi·

272 2309 370 2344 mdiu
398 2306 496 2343 tom-li
526 2306 597 2342 das
621 2305 805 2352 ee’nluelee
832 2307 1035 2357 Auqment
1058 2304 1334 2357 luinzuqefiiqh
1361 2316 1405 2339 so
1431 2305 1683 2356 ἐπέφραδον.“
1710 2327 1762 2333 -

377 2370 478 2407 llam·
506 2368 721 2408 Buttmanni
750 2370 970 2408 sententiam
997 2375 1035 2406 ut
1065 2383 1131 2406 nos
1160 2380 1303 2418 quoque
1330 2367 1603 2417 amplectamur,
1634 2376 1790 2418 quatuor
1815 2371 1933 2419 iisque
1959 2384 2040 2420 gra-

272 2434 429 2471 vissimis
457 2434 667 2471 adducimur
693 2434 912 2479 rationibus,
943 2446 1094 2482 quarum
1124 2432 1238 2484 prima
1258 2430 1464 2469 Verborum
1490 2432 1646 2484 ἔπεφνε,
1672 2437 1850 2475 ἐκέκλετο
1875 2433 1923 2470 al.
1954 2446 2039 2471 con-

325 2585 358 2622 7)
383 2584 483 2624 Quam
509 2594 616 2623 parum
639 2583 699 2613 sibi
722 2589 862 2615 consu-nt
884 2583 943 2614 liae
966 2584 998 2614 in
1022 2594 1056 2614 re
1075 2582 1238 2613 Dmnmius
1260 2587 1289 2614 et
1308 2581 1530 2620 Thierseffius,
1573 2588 1715 2626 apertum
1738 2584 1773 2615 m
1794 2584 1843 2622 iis,
1887 2596 1965 2627 quae
1986 2585 2040 2617 ille

376 2649 432 2678 suli
458 2651 491 2674 V·
512 2634 654 2690 Φρίξαν.
683 2648 734 2678 liic
758 2649 788 2678 in
815 2649 875 2680 Gr.
903 2648 961 2680 Gr.
985 2648 1014 2688 ξ.
1037 2648 1126 2681 208.
1153 2648 1211 2681 15.
1234 2649 1272 2679 de
1294 2648 1360 2678 illis
1381 2649 1489 2679 formis
1512 2649 1694 2690 disputavit.
