2296 3445
1133 349 1161 392 9

257 463 395 526 tinetur
421 468 610 522 analogia,
648 468 764 507 altera
789 467 828 507 in
856 480 900 508 eo
927 469 1046 522 posita
1072 476 1150 519 est,
1188 468 1284 523 quod
1312 465 1427 506 Verbi
1460 468 1570 508 activi
1599 468 1819 527 ἐπιφρᾰᾴιν
1846 483 1894 511 ne
1919 472 2033 513 vesti·

249 536 348 587 gium
377 535 522 584 quidem
550 534 851 585 apudHomerum
877 541 1012 582 exstat,
1042 536 1153 573 tertia
1180 548 1201 573 a
1226 536 1406 579 locorum,
1425 534 1487 571 ubi
1514 536 1632 574 forma
1661 539 1875 589 ἐπέφραδον
1902 551 2032 577 occur-

251 601 320 647 rit,
375 600 616 651 proficiscitur
661 600 877 648 sententiis,
930 600 969 639 in
1007 601 1136 651 quibus
1170 598 1476 651 praepositionis,
1508 613 1589 640 cum
1618 616 1689 652 qua
1716 603 1922 653 copulatum
1951 618 2033 644 esse

252 661 407 720 φράζειν
434 666 643 718 opinantur,
671 665 746 704 vim
773 664 1042 704 animadvertas
1071 677 1221 717 prorsus
1247 664 1398 713 nullam,
1429 664 1587 716 denique
1614 672 1745 718 quarta
1760 668 1937 720 ejusmodi
1958 676 2030 719 est,

251 737 306 778 ut,
336 731 427 769 nihil
454 731 498 769 ad
525 744 604 769 eam
631 731 732 768 viros
767 730 892 768 doctos
918 731 1150 781 respexisse,
1180 743 1400 782 magnopere
1428 730 1616 771 miremur.
1701 731 1744 771 Si
1781 733 1879 771 enim
1915 741 2032 774 ortam

249 808 330 834 esse
357 798 509 835 sormam
537 798 727 847 ἐπέφραδε
765 807 814 833 ex
845 797 908 835 ἐπὶ
943 802 979 833 et
1012 794 1168 849 φράζειν
1201 802 1302 834 recte
1334 795 1601 833 contenderent
1635 795 1780 845 quidam
1814 799 1887 837 viri
1919 800 2028 848 docti,

252 860 467 899 vocabulum
493 861 733 912 διεπέφραδε,
766 858 862 909 quod
887 865 1017 910 quater
1041 859 1135 910 apud
1159 857 1361 898 Homerum
1387 859 1542 910 tegitur,
1581 873 1655 899 non
1683 860 1794 900 alium
1822 862 2032 902 admitteret

251 925 492 977 explicatum,
548 925 619 963 nisi
658 931 699 962 ut
736 924 773 962 id
805 924 899 963 Aor.
938 922 989 962 II.
1027 922 1142 962 Verbi
1176 921 1427 977 διετιφραῖζειν
1463 936 1544 962 esse
1588 930 1846 965 statueremus.
1905 926 2031 978 Quum

251 998 373 1028 autem
408 1002 526 1040 neque
568 989 662 1040 apud
696 987 898 1027 Homerum
943 1002 1063 1039 neque
1098 990 1192 1039 apud
1228 990 1340 1027 alium
1385 1002 1602 1039 quemquam
1650 990 1871 1040 scriptorum
1912 992 2034 1030 Grae-

253 1068 379 1093 corum
406 1053 612 1105 reperiatur
639 1050 818 1101 Verbum,
838 1053 934 1104 quod
965 1066 1014 1092 ex
1040 1051 1098 1094 δισὲ
1126 1060 1163 1093 et
1191 1056 1256 1095 ἐπὶ
1284 1051 1625 1105 Praepositionibus
1658 1053 1767 1093 simul
1795 1057 2034 1108 conjunctum

250 1120 313 1167 sit,
344 1119 403 1170 qui
429 1126 502 1157 tam
529 1119 714 1157 insolitam
740 1124 778 1156 et
803 1119 910 1170 plane
935 1118 1127 1157 absurdam
1155 1117 1270 1157 Verbi
1297 1120 1464 1166 formam,
1496 1117 1613 1170 qualis
1639 1125 1695 1156 est
1721 1121 1891 1160 vocabuli
1918 1124 2034 1163 διετι-

253 1182 426 1237 φροὶζειν,
459 1184 655 1222 obtrudere
688 1183 835 1234 linguae
874 1182 1040 1222 Graecae
1073 1190 1276 1232 conantur,
1320 1184 1621 1235 quemadmodum
1652 1185 1836 1225 rationem
1871 1188 1952 1239 ejus
1978 1188 2033 1226 rei

251 1248 418 1296 reddant,
448 1249 517 1300 ipsi
543 1248 704 1286 videant.
716 1247 758 1298 8)

357 1313 458 1352 Haec
486 1314 529 1351 de
556 1313 683 1351 formis
709 1313 812 1351 vocis
850 1312 1013 1351 Homero
1040 1313 1199 1351 usitatis.
1261 1310 1344 1350 Jam
1378 1319 1420 1350 ut
1456 1314 1604 1364 propius
1639 1314 1685 1352 ad
1711 1315 1770 1362 id,
1808 1316 1904 1366 quod
1929 1317 2035 1355 nobis

254 1378 477 1431 propositum
505 1384 585 1424 est,
615 1377 849 1425 accedamus,
878 1377 978 1415 locos
1006 1377 1118 1429 ipsos,
1151 1377 1190 1414 in
1220 1377 1349 1427 quibus
1376 1375 1461 1413 illae
1489 1377 1628 1416 formae
1656 1378 1851 1430 leguntur,
1880 1381 1933 1419 ita
1960 1387 2034 1419 tra-

256 1451 409 1490 ctemus,
448 1450 509 1490 ut,
549 1456 621 1493 quo
648 1442 728 1492 plus
753 1442 907 1493 quisque
935 1443 979 1480 ad
1006 1442 1081 1480 vim
1107 1441 1300 1489 vocabuli,
1341 1441 1385 1479 de
1411 1455 1482 1492 quo
1510 1456 1609 1480 nunc
1637 1444 1868 1493 quaerimus,
1909 1445 2035 1496 expla-

253 1509 409 1549 nandam
435 1506 610 1547 momenti
637 1507 757 1545 facere
784 1506 975 1556 videatur,
1005 1506 1066 1546 vel
1094 1520 1165 1558 quo
1192 1505 1307 1558 magis
1335 1505 1378 1544 de
1405 1506 1581 1559 cujusque
1609 1508 1679 1547 loci
1706 1508 1892 1548 sententia
1918 1509 2035 1549 inter-

253 1581 394 1628 pretum
424 1574 615 1625 opiniones
643 1572 864 1623 discrepent,
895 1571 963 1610 hoc
982 1572 1192 1624 diligentius
1205 1584 1384 1623 quemque
1402 1571 1640 1611 illustremus.
1673 1572 2033 1625 Etinitiumquidem

251 1652 436 1677 sumamus
463 1652 484 1675 a
510 1639 581 1675 loci
605 1637 850 1688 explicatione
878 1638 921 1674 ad
947 1638 1153 1688 primariam
1179 1637 1281 1675 vocis
1307 1637 1611 1687 significationem
1639 1638 1893 1676 declarandam
1919 1639 2035 1689 inpri-

254 1705 321 1743 mis
348 1703 493 1750 idonei,
524 1702 584 1753 qui
614 1708 669 1740 est
697 1700 768 1740 od.
798 1719 834 1755 η,
865 1701 930 1741 49.
985 1700 1185 1753 Postquam
1212 1701 1309 1740 enim
1334 1699 1479 1748 Ulixes,
1505 1703 1696 1754 naufragio
1713 1703 1825 1751 facto,
1855 1702 1894 1741 in
1913 1700 2035 1742 Phae-

253 1782 357 1808 acum
383 1768 525 1815 insula,
556 1766 746 1804 maritimis
775 1766 990 1818 defatigatus
1018 1766 1306 1814 calamitatibus,
1334 1779 1445 1818 prope
1472 1767 1558 1805 litus
1586 1768 1801 1818 procubuit,
1828 1766 2032 1816 Nausicaa,

252 1834 421 1877 Alcinoi,
450 1833 547 1882 regis
573 1830 805 1877 Phaeacum,
835 1831 929 1877 filia,
957 1829 1153 1868 Minervae
1181 1830 1375 1868 adhortatu
1402 1844 1509 1869 mane
1533 1832 1578 1869 ad
1607 1832 1762 1869 cundem
1789 1832 1932 1878 locum,
1971 1832 2035 1869 ubi

252 1899 315 1938 ille
339 1910 471 1949 sopore
499 1897 650 1936 obrutus
672 1895 840 1948 jacebat,
871 1895 1091 1934 vestimenta
1117 1895 1262 1934 lavandi
1289 1909 1418 1934 caussa
1443 1895 1612 1935 vehiculo
1634 1910 1715 1935 cum
1732 1896 1876 1935 ancillis
1890 1910 1931 1936 se
1945 1911 2035 1936 con—

253 1961 350 2000 tulit.
409 1959 531 2013 Opere
557 1961 653 1998 facto
681 1959 842 2011 virgines
870 1959 964 2010 pilae
992 1958 1115 1997 ludum
1143 1962 1348 2007 exercent,
1365 1960 1469 2012 cujus
1496 1960 1677 1998 excitatus
1705 1960 1861 2012 strepitu
1885 1958 2031 2009 Ulixes,

252 2040 362 2077 quum
389 2027 671 2077 perterrefactae
698 2024 817 2061 subito
849 2025 921 2061 viri
957 2025 1039 2061 visu
1074 2024 1225 2074 reginae
1260 2025 1547 2063 misericordiam
1574 2026 1806 2076 implorasset
1831 2039 1874 2063 ac
1899 2028 2035 2064 movis-

252 2099 329 2139 set,
367 2104 416 2129 ex
443 2089 631 2128 redeuntis
657 2089 801 2127 domum
834 2087 1044 2127 Nausicaae
1075 2088 1265 2127 voluntate
1291 2089 1344 2127 ita
1369 2102 1449 2127 eam
1486 2089 1745 2141 subsequitur,
1783 2097 1844 2139 ut,
1883 2091 1967 2129 dum
1993 2092 2032 2129 in

252 2157 379 2196 urbem
405 2156 469 2195 illa
495 2154 701 2203 invehitur,
734 2154 812 2205 ipse
838 2154 878 2192 in
904 2154 986 2192 luco
1009 2152 1205 2193 Minervae
1231 2167 1361 2202 sacro,
1391 2155 1453 2205 qui
1480 2161 1566 2193 ante
1592 2155 1718 2193 urbem
1746 2163 1848 2204 erat,
1878 2169 2035 2196 venera-

252 2230 356 2260 turus
392 2220 576 2271 paulisper
608 2225 909 2256 commoraretur.
964 2217 1139 2268 Pergenti
1165 2219 1250 2256 inde
1276 2220 1314 2256 in
1333 2220 1458 2257 urbem
1480 2217 1655 2257 Minerva
1674 2221 1847 2266 occurrit,
1876 2221 1914 2258 in
1933 2222 2035 2271 puel-

254 2287 310 2324 lae
332 2285 490 2336 specicm
525 2290 663 2322 mutata
695 2283 913 2333 rogantique
947 2283 1080 2330 enixe,
1120 2281 1271 2321 Alcinoi
1305 2283 1449 2321 domum
1484 2290 1525 2322 ut
1557 2297 1597 2322 se
1633 2285 1810 2334 praeiret:
1841 2298 1878 2323 v.
1908 2285 1974 2324 21.
2006 2282 2035 2325 ὦ

254 2357 374 2400 τέκος,
407 2347 471 2390 οὐκ
504 2345 550 2389 ἄν
575 2365 637 2398 μοι
671 2344 779 2397 δόμον
811 2344 938 2401 elvepo:
964 2342 1115 2400 ἡγήσαιο
1142 2344 1351 2398 'Amenda-..¹3
1389 2348 1492 2399 quasi
1524 2348 1773 2400 morigerans:
1809 2363 1847 2388 v.
1883 2347 1949 2389 28.
1980 2366 2035 2391 τοι

304 2479 337 2518 8)
359 2479 401 2510 In
423 2475 576 2519 Stephani
598 2475 761 2506 Thesauro
776 2474 876 2515 Ling.
889 2472 951 2507 Gr.
973 2474 1033 2505 trin
1055 2473 1227 2505 afferuntur
1248 2474 1386 2517 ejusdcm
1408 2475 1645 2517 compositionis
1666 2475 1782 2510 verba:
1815 2469 2035 2517 διεπαγγέλ-

361 2536 490 2582 λομαι,
518 2527 761 2582 διετιφημῖζω
788 2535 825 2567 eb
851 2524 1097 2580 διεπιφαῖσκω.
1137 2539 1263 2570 Horum
1294 2540 1357 2570 duo
1379 2540 1486 2582 priora
1508 2541 1595 2582 apud
1617 2542 1789 2583 scriptores
1810 2543 2036 2575 ecclesiasticos

360 2608 519 2648 leguntur,
544 2605 668 2636 tertium
689 2605 775 2646 apud
796 2605 933 2647 Dionys,
955 2604 1064 2637 llnlic.
1086 2603 1190 2637 Areia.
1215 2604 1311 2638 Rom.
1334 2604 1377 2642 9,
1402 2603 1463 2639 65.
1487 2606 1649 2638 occurrit:
1674 2595 1818 2650 ‘Hp-2¹93
1844 2597 1937 2652 δ’ἤδη
1965 2602 2036 2639 διε·

356 2666 549 2711 πέφωσκε.
606 2670 673 2699 Sed
692 2673 775 2700 rcctc
790 2669 861 2711 jam
885 2671 932 2703 G.
953 2669 1139 2700 Dindorlius
1168 2670 1201 2700 in
1225 2669 1285 2700 hae
1307 2671 1408 2700 lbi-tna
1423 2669 1572 2706 offendit3
1616 2673 1779 2703 anixotavit
1810 2674 1913 2705 enim:
1966 2674 2035 2704 Nisi

357 2730 557 2780 δπέφωσκε
583 2736 720 2778 scripsit.
1756 2780 1776 2810 2
