2296 3445
1143 359 1201 402 ¹4

276 494 368 533 quae
399 480 612 531 saepissime
648 493 730 518 cum
756 477 891 518 Verbis
922 479 1065 518 dicendi
1100 482 1387 533 conjungantur,
1432 478 1650 519 vocabulum
1683 474 1839 534 φράζειν
1873 487 1912 519 et
1936 482 2055 533 ipsum

274 548 419 588 dicendi
447 547 521 585 vim
548 559 589 585 ac
616 545 920 597 significationem
947 544 1078 584 habeat
1104 558 1255 584 necesse
1282 557 1364 584 esse
1391 544 1649 597 explanatores
1675 553 1854 588 statuunt.
1936 544 2056 601 Cujus

274 612 555 666 significationis
580 611 738 662 speciem
765 610 802 648 hi
828 610 899 649 loci
926 624 1013 662 prae
1039 623 1081 649 se
1106 611 1231 650 ferunt
1255 610 1433 649 maxime:
1465 607 1536 648 Od.
1567 626 1605 658 a,
1634 609 1727 650 273.
1754 618 1792 650 et
1817 611 1863 653 11.
1892 613 2054 662 &1423

277 681 320 719 ll.
351 682 389 729 ξ.
420 679 510 718 335.
541 683 578 715 et
604 674 650 714 11.
685 691 723 723 σ,
751 674 813 724 9.;
846 673 917 715 Od.
949 674 982 730 ςζ
1015 674 1104 715 147.
1136 683 1173 714 et
1200 673 1271 715 Od.
1302 691 1337 728 ρ,
1369 674 1486 724 590.,
1516 688 1671 726 quorum
1704 689 1797 728 quae
1822 678 1872 716 sit
1896 679 1992 717 ratio
2020 684 2059 717 et

275 748 461 791 voluntas,
493 742 616 794 paucis
643 742 845 780 videamus.
899 738 957 777 Ac
985 740 1139 791 primum
1166 741 1311 792 quidem
1340 741 1430 779 nihil
1457 752 1539 778 esse
1567 747 1711 779 constat
1737 742 1831 793 apud
1855 741 2058 782 Homerum

278 806 607 850 illislocutionibus
619 804 861 855 frequentius,
890 803 928 841 in
941 804 1204 854 quibusVerba
1229 810 1364 854 ala-sna,
1393 802 1563 857 φάσθαι,
1589 800 1775 859 imperiur
1800 805 1934 845 similia
1958 806 2057 845 addi·-

279 883 354 913 tum
396 872 531 910 habent
580 870 728 908 'Nomen
772 867 1053 908 Substantivum
1085 871 1225 919 μῦθον.
1317 869 1417 908 Idem
1455 868 1649 922 ObJectum
1682 883 1766 909 voc.
1805 868 1960 924 φρᾶξιιν
1994 870 2059 909 ha—

277 941 334 977 het
366 935 438 975 Od.
461 952 499 982 α,
530 934 622 973 273.
652 941 690 972 et
716 935 763 981 θ,
797 933 887 971 142.
946 931 990 971 In
1018 934 1135 972 altero
1163 935 1260 972 enim
1287 935 1368 972 loco
1398 933 1658 981 Telemachus,
1687 941 1742 982 ut,
1770 935 1816 974 ad
1842 935 2058 974 concionem

275 1003 419 1044 vocatis
445 1000 679 1040 Achaeorum
707 999 953 1050 principibus,
993 1005 1030 1037 et
1056 1012 1247 1049 procarum
1273 999 1416 1038 turbam
1443 999 1489 1038 ad
1515 1012 1583 1038 sua
1610 998 1796 1039 discedere
1825 1008 1863 1040 et
1887 1008 2056 1048 matrem,

276 1071 308 1108 si
337 1070 469 1106 iterum
498 1065 636 1102 nubere
662 1064 701 1101 in
728 1063 889 1101 animum
915 1063 1124 1111 induxerit,
1155 1064 1194 1101 in
1223 1063 1336 1115 patris
1364 1063 1508 1102 domum
1532 1063 1655 1102 redire
1673 1064 1823 1116 jubeat,
1853 1065 1910 1104 his
1933 1065 2058 1104 verbis

277 1149 300 1172 a
317 1131 492 1170 Minerva
513 1129 702 1166 incitatur:
733 1125 856 1179 αὔριον
877 1130 929 1172 εἰς
948 1124 1089 1179 α’γορῆν
1112 1131 1280 1173 καλέσας
1302 1125 1419 1181 ἥρωας
1442 1123 1635 1178 Ἀχαιούς,
1662 1129 1819 1178 μῦθον
1845 1130 2060 1184 πέφραδε

275 1199 387 1245 πᾶσι,
414 1196 501 1236 θεοὶ
527 1192 556 1234 δ’
582 1190 820 1244 ἐπιμέρτυροι
845 1192 978 1231 ἔστων.
1034 1190 1253 1231 Eustathius
1279 1193 1325 1231 ad
1351 1192 1388 1231 h.
1419 1192 1468 1231 l.:
1507 1189 1564 1233 ὅτι
1596 1188 1639 1233 τό
1673 1196 1844 1246 πέφραδε
1877 1192 1966 1235 viuri
1993 1194 2060 1235 τοῦ

277 1267 374 1305 εἰπέ.
430 1258 530 1297 Mire
558 1254 736 1295 Crusius:
773 1256 944 1307 πέφραδε
979 1269 1038 1308 ep.
1065 1256 1167 1295 Aor.
1202 1259 1274 1296 mit
1298 1257 1466 1310 Redupl.
1500 1271 1579 1297 von
1606 1252 1782 1310 φράζειν,
1816 1269 1903 1296 was
1928 1257 2058 1296 anzei·

275 1342 374 1382 gen,
398 1324 614 1370 audentea,
640 1323 706 1360 nie
732 1320 940 1374 eiqentlich
966 1333 1089 1373 saqen
1115 1320 1312 1370 bedeutet,
1343 1321 1566 1361 wiewoltl
1589 1334 1636 1360 es
1664 1321 1790 1370 sich,
1817 1322 1910 1360 wie
1935 1320 2057 1369 hier,

277 1393 400 1432 daza
427 1388 696 1442 lainneiqef‘
775 1381 919 1422 Contra
944 1383 1161 1423 Nitzsehius
1190 1385 1215 1424 l.
1246 1385 1273 1424 l.
1303 1383 1392 1425 Vol.
1422 1383 1453 1424 1.
1483 1399 1518 1438 p.
1550 1384 1640 1425 183.
1696 1385 1855 1435 ,μῦθον
1889 1387 2060 1439 πέφραδε

275 1459 405 1503 πᾶσιν,
429 1451 702 1506 asscribere,
731 1450 864 1488 erkl&
875 1463 926 1487 re
951 1449 1076 1486 Auen
1099 1450 1242 1487 deiram
1266 1450 1520 1499 Entschluss,
1547 1451 1661 1490 deine
1690 1450 1950 1489 Gedanken.“
2007 1449 2062 1488 At

280 1527 412 1559 neutra
438 1515 694 1565 interpretatio
723 1526 874 1564 prorsus
902 1513 1034 1563 placet,
1062 1526 1293 1564 quamquam,
1324 1515 1386 1552 ubi
1414 1515 1513 1564 optio
1541 1515 1667 1561 datur,
1695 1513 1882 1552 Nitzschii
1908 1521 2060 1552 senten-

278 1585 330 1623 tia
356 1595 405 1621 cx
431 1586 534 1633 parte
560 1578 689 1617 saltem
716 1576 967 1630 praeferenda.
1048 1575 1148 1616 Nam
1177 1590 1296 1630 neque
1322 1578 1465 1617 dicendi
1496 1578 1571 1617 vim
1607 1591 1689 1618 cum
1716 1576 1913 1618 Eustathio
1940 1590 2061 1631 neque

279 1647 467 1700 aperiendi
504 1652 541 1682 et
568 1643 808 1694 patefaciendi
837 1655 919 1678 cum
944 1641 1143 1679 Nitzschio
1169 1644 1252 1680 voci
1279 1641 1435 1696 φραῖζυν
1463 1644 1533 1681 hoc
1559 1643 1640 1681 loco
1667 1643 1832 1681 tribuere
1858 1643 1968 1690 licet,
1995 1644 2060 1681 sed

281 1714 347 1753 hm·
381 1711 467 1751 dicit
495 1707 690 1748 Minerva:
746 1705 958 1746 convocatis
992 1705 1031 1745 in
1065 1706 1281 1747 concionem
1305 1705 1540 1747 Achaeorum
1576 1707 1816 1760 primoribus,
1871 1720 1964 1759 quae
1996 1714 2062 1747 tua

280 1780 327 1815 sit
356 1776 549 1820 voluntas,
579 1774 804 1811 demonstra.
859 1768 965 1820 Quae
997 1768 1101 1809 Deae
1126 1772 1280 1810 monitio
1313 1772 1399 1823 quid
1431 1772 1502 1811 sibi
1533 1772 1645 1820 velit,
1697 1784 1830 1811 versus
1862 1770 2059 1811 40—50.

280 1841 370 1879 satis
400 1839 546 1876 docent.
604 1833 664 1872 Cf.
695 1842 886 1885 praeterea
913 1848 1006 1884 quae
1038 1848 1106 1872 nos
1140 1836 1184 1872 de
1210 1849 1294 1873 voc.
1322 1836 1448 1884 μῦθοι,-
1473 1849 1543 1874 usu
1567 1836 1765 1875 Homerico
1800 1838 2061 1887 disputavimus

281 1902 466 1954 inProgr.
497 1899 632 1945 schol„
662 1898 758 1949 quod
787 1898 1020 1937 inscribitur:
1049 1898 1236 1953 Beitrc'iye
1262 1913 1335 1938 zur
1359 1900 1483 1938 Hom.
1511 1897 1754 1952 Synonymt'k
1779 1914 1815 1952 p.
1841 1898 1983 1939 9—11.
2010 1924 2063 1929 ——

281 1969 414 2019 Neque
442 1965 541 2004 aliud
578 1964 773 2015 quidquam
811 1960 968 2016 φράζειν
993 1962 1176 2014 significat
1203 1960 1275 2002 Od.
1303 1964 1357 2011 θ,
1388 1963 1501 2012 142.,
1531 1977 1639 2015 quem
1666 1964 1786 2003 locum
1821 1970 1862 2003 ut
1895 1971 2063 2019 veterum

282 2030 614 2073 Grammaticorum
642 2028 825 2080 principes
853 2040 965 2080 prope
995 2040 1070 2066 uno
1096 2040 1280 2067 consensu
1307 2035 1577 2081 expungerent,
1607 2029 1740 2067 factum
1757 2028 2063 2069 esseNitzschius

282 2099 455 2149 opinatur
481 2095 606 2145 inepta
629 2093 815 2132 locutione
848 2090 1021 2147 πέφραδε
1049 2093 1192 2142 μῦθον.
1241 2090 1406 2145 Ineptam
1441 2099 1562 2132 autem
1596 2093 1690 2132 hanc
1721 2093 1944 2133 locutionem
1977 2095 2065 2134 dicit

284 2172 318 2202 et
355 2167 503 2214 propter
534 2159 709 2197 absonam
738 2159 817 2210 jam
853 2158 1013 2209 antiquis
1046 2158 1308 2209 interpretibus
1347 2159 1463 2198 visam
1490 2157 1606 2198 Verbi
1640 2156 1794 2213 φράζειν
1826 2160 2064 2211 significatio-

285 2241 383 2274 nem,
421 2232 458 2264 et
483 2224 568 2275 quia
593 2236 676 2262 voc.
705 2223 829 2273 μῦθος
857 2224 1032 2274 maiorem
1070 2222 1145 2261 vim
1178 2222 1311 2262 habere
1344 2230 1491 2271 censet,
1529 2236 1635 2274 quam
1670 2235 1762 2274 quae
1795 2224 2064 2263 accommodata

284 2294 329 2331 sit
366 2292 410 2329 ad
438 2290 546 2341 hujus
573 2288 644 2326 loci
671 2286 985 2336 sententiam.11)
1013 2284 1087 2325 Sed
1114 2287 1306 2337 dupliciter
1330 2289 1390 2327 vir
1414 2289 1510 2326 doct.
1541 2289 1742 2326 erraverit:
1772 2289 1942 2338 primum,
1969 2289 2065 2339 quod

286 2368 405 2407 neque
434 2354 479 2393 ad
503 2364 740 2405 praegressos
767 2365 829 2391 vv.
842 2349 1082 2399 130—140.,
1113 2351 1264 2402 quibus,
1294 2364 1387 2404 quae
1412 2352 1451 2392 in
1476 2358 1600 2392 mente
1627 2351 1792 2401 haberet,
1822 2350 2065 2392 diserteLao·

318 2470 373 2509 11)
396 2467 513 2509 chicit
541 2464 626 2496 hunc
656 2475 779 2497 versum
810 2475 849 2495 ex
879 2475 952 2495 suae
981 2465 1127 2497 editionis
1162 2470 1246 2497 tcxtu
1277 2467 1463 2503 Bckkerns,
1506 2465 1633 2506 agnovit
1662 2465 1877 2499 Ilei-mannus.
1938 2466 2066 2499 Priores

390 2533 556 2573 Odysseae
577 2530 741 2566 editiones,
764 2533 799 2559 ut
820 2528 1007 2567 clm-kinnu,
1030 2540 1089 2572 pro
1116 2514 1288 2572 πέφραδε
1313 2520 1443 2570 μῦθον
1468 2529 1585 2560 habent
1613 2514 1732 2572 ῐὲΦρ.
1758 2514 1890 2572 μύθῳ,
1918 2533 2064 2573 quamdi-

390 2586 527 2616 ctionem
549 2583 768 2613 alienissimum
791 2594 857 2613 esse
878 2582 919 2612 ab
943 2583 1075 2615 Homeri
1099 2585 1322 2615 consuetudine
1344 2587 1428 2613 recte
1449 2583 1610 2613 contendit
1629 2582 1826 2616 Nitzsehius.
1863 2583 1953 2626 Quae
1970 2587 2065 2618 lectio

392 2638 655 2682 quemadmodum
676 2642 744 2668 orta
765 2638 816 2673 sit,
839 2648 902 2668 non
925 2638 1054 2669 difficile
1074 2639 1230 2670 videbitur
1249 2640 1291 2669 ad
1312 2638 1532 2680 explicandum
1553 2638 1791 2680 respicientibus
1812 2639 1964 2681 ejusmodi
1979 2641 2066 2673 locu-

389 2707 510 2740 tiones,
533 2701 641 2744 quates
666 2705 738 2731 sunt
760 2688 995 2741 οἱμείβεσθαι
1022 2688 1152 2746 μῦθῳ,
1177 2690 1342 2732 ἐνίπτων
1366 2687 1483 2744 μύθῳ
1509 2701 1606 2734 simil.
