<?xml version="1.0" encoding="UTF-8"?>
<!DOCTYPE html PUBLIC "-//W3C//DTD XHTML 1.0 Transitional//EN"
    "http://www.w3.org/TR/xhtml1/DTD/xhtml1-transitional.dtd">
<html xmlns="http://www.w3.org/1999/xhtml" xml:lang="en" lang="en">
 <head>
  <title>
</title>
<meta http-equiv="Content-Type" content="text/html;charset=utf-8" />
  <meta name='ocr-system' content='tesseract 3.04.00' />
  <meta name='ocr-capabilities' content='ocr_page ocr_carea ocr_par ocr_line ocrx_word'/>
</head>
<body>
  <div class='ocr_page' id='page_1' title='image "./4627540_0018.png"; bbox 0 0 2296 3445; ppageno 0'>
   <div class='ocr_carea' id='block_1_1' title="bbox 1097 338 1155 382">
    <p class='ocr_par' dir='ltr' id='par_1_1' title="bbox 1097 338 1155 382">
     <span class='ocr_line' id='line_1_1' title="bbox 1097 338 1155 382; baseline 0.017 -1"><span class='ocrx_word' id='word_1_1' title='bbox 1097 338 1155 382; x_wconf 86' lang='lat'><strong>10</strong></span> 
     </span>
    </p>
   </div>
   <div class='ocr_carea' id='block_1_2' title="bbox 230 453 2025 2321">
    <p class='ocr_par' dir='ltr' id='par_1_2' title="bbox 230 453 2023 1288">
     <span class='ocr_line' id='line_1_2' title="bbox 231 453 2018 513; baseline -0.001 -12"><span class='ocrx_word' id='word_1_2' title='bbox 231 459 301 513; x_wconf 75' lang='grc' dir='ltr'><strong>γοίρ</strong></span> <span class='ocrx_word' id='word_1_3' title='bbox 328 455 399 508; x_wconf 68' lang='grc' dir='ltr'><strong>ἐγώ</strong></span> <span class='ocrx_word' id='word_1_4' title='bbox 425 474 494 507; x_wconf 75' lang='grc' dir='ltr'><strong>τοι,</strong></span> <span class='ocrx_word' id='word_1_5' title='bbox 520 459 619 507; x_wconf 68' lang='grc' dir='ltr'><strong><em>ξεῖνε</em></strong></span> <span class='ocrx_word' id='word_1_6' title='bbox 644 453 783 511; x_wconf 65' lang='grc' dir='ltr'><strong><em>πάτερ,</em></strong></span> <span class='ocrx_word' id='word_1_7' title='bbox 808 454 929 508; x_wconf 76' lang='grc' dir='ltr'><strong><em>δόμον,</em></strong></span> <span class='ocrx_word' id='word_1_8' title='bbox 954 455 993 499; x_wconf 73' lang='grc' dir='ltr'><strong>ὅν</strong></span> <span class='ocrx_word' id='word_1_9' title='bbox 1015 474 1067 508; x_wconf 82' lang='grc' dir='ltr'><strong>με</strong></span> <span class='ocrx_word' id='word_1_10' title='bbox 1093 455 1273 506; x_wconf 78' lang='grc' dir='ltr'><strong><em>κελεύεις,</em></strong></span> <span class='ocrx_word' id='word_1_11' title='bbox 1299 456 1424 505; x_wconf 57' lang='lat' dir='ltr'><strong>aelfw:</strong></span> <span class='ocrx_word' id='word_1_12' title='bbox 1455 456 1512 495; x_wconf 92' lang='lat' dir='ltr'><strong>his</strong></span> <span class='ocrx_word' id='word_1_13' title='bbox 1538 468 1621 495; x_wconf 87' lang='lat' dir='ltr'><strong>eum</strong></span> <span class='ocrx_word' id='word_1_14' title='bbox 1647 457 1770 497; x_wconf 83' lang='lat' dir='ltr'><strong>verbis</strong></span> <span class='ocrx_word' id='word_1_15' title='bbox 1794 460 1848 509; x_wconf 88' lang='lat' dir='ltr'><strong>(v.</strong></span> <span class='ocrx_word' id='word_1_16' title='bbox 1869 457 1958 508; x_wconf 81' lang='lat'><strong>49.)</strong></span> <span class='ocrx_word' id='word_1_17' title='bbox 1972 461 2018 500; x_wconf 93' lang='lat' dir='ltr'><strong>ad</strong></span> 
     </span>
     <span class='ocr_line' id='line_1_3' title="bbox 231 517 2016 576; baseline -0.001 -12"><span class='ocrx_word' id='word_1_18' title='bbox 231 524 369 576; x_wconf 86' lang='lat' dir='ltr'><strong>regiam</strong></span> <span class='ocrx_word' id='word_1_19' title='bbox 404 524 522 562; x_wconf 86' lang='lat' dir='ltr'><strong>ducit:</strong></span> <span class='ocrx_word' id='word_1_20' title='bbox 563 517 667 570; x_wconf 73' lang='grc' dir='ltr'><strong>οὗτος</strong></span> <span class='ocrx_word' id='word_1_21' title='bbox 702 519 743 576; x_wconf 83' lang='grc' dir='ltr'><strong>δή</strong></span> <span class='ocrx_word' id='word_1_22' title='bbox 769 540 837 573; x_wconf 78' lang='grc' dir='ltr'><strong><em>τοι,</em></strong></span> <span class='ocrx_word' id='word_1_23' title='bbox 869 525 967 572; x_wconf 70' lang='grc' dir='ltr'><strong><em>ξεῖνε</em></strong></span> <span class='ocrx_word' id='word_1_24' title='bbox 1006 520 1145 575; x_wconf 67' lang='grc' dir='ltr'><strong><em>πάτερ,</em></strong></span> <span class='ocrx_word' id='word_1_25' title='bbox 1186 520 1308 570; x_wconf 73' lang='grc' dir='ltr'><strong><em>δόμος,</em></strong></span> <span class='ocrx_word' id='word_1_26' title='bbox 1340 518 1381 562; x_wconf 74' lang='grc' dir='ltr'><strong>ὅν</strong></span> <span class='ocrx_word' id='word_1_27' title='bbox 1412 538 1463 571; x_wconf 80' lang='grc' dir='ltr'><strong>με</strong></span> <span class='ocrx_word' id='word_1_28' title='bbox 1498 518 1665 568; x_wconf 73' lang='grc' dir='ltr'><strong>κελεύεις</strong></span> <span class='ocrx_word' id='word_1_29' title='bbox 1696 526 2016 576; x_wconf 80' lang='grc' dir='ltr'><strong><em>πεφραδέμεν.</em></strong></span> 
     </span>
     <span class='ocr_line' id='line_1_4' title="bbox 230 587 2020 640; baseline -0.001 -12"><span class='ocrx_word' id='word_1_30' title='bbox 230 588 350 640; x_wconf 78' lang='lat' dir='ltr'><strong>Quem</strong></span> <span class='ocrx_word' id='word_1_31' title='bbox 378 588 559 629; x_wconf 90' lang='lat' dir='ltr'><strong>orationis</strong></span> <span class='ocrx_word' id='word_1_32' title='bbox 586 601 724 627; x_wconf 85' lang='lat' dir='ltr'><strong>nexum</strong></span> <span class='ocrx_word' id='word_1_33' title='bbox 752 588 812 640; x_wconf 90' lang='lat' dir='ltr'><strong>qui</strong></span> <span class='ocrx_word' id='word_1_34' title='bbox 842 588 1155 635; x_wconf 78' lang='lat' dir='ltr'><strong>consideraverit,</strong></span> <span class='ocrx_word' id='word_1_35' title='bbox 1189 587 1406 639; x_wconf 89' lang='lat' dir='ltr'><strong>praesertim</strong></span> <span class='ocrx_word' id='word_1_36' title='bbox 1441 587 1658 637; x_wconf 84' lang='lat' dir='ltr'><strong>comparatis</strong></span> <span class='ocrx_word' id='word_1_37' title='bbox 1692 587 1791 626; x_wconf 89' lang='lat' dir='ltr'><strong>inter</strong></span> <span class='ocrx_word' id='word_1_38' title='bbox 1825 601 1865 626; x_wconf 90' lang='lat' dir='ltr'><strong>se</strong></span> <span class='ocrx_word' id='word_1_39' title='bbox 1901 588 2020 627; x_wconf 88' lang='lat' dir='ltr'><strong>versi—</strong></span> 
     </span>
     <span class='ocr_line' id='line_1_5' title="bbox 231 651 2021 704; baseline 0 -11"><span class='ocrx_word' id='word_1_40' title='bbox 231 655 299 694; x_wconf 90' lang='lat' dir='ltr'><strong>bus</strong></span> <span class='ocrx_word' id='word_1_41' title='bbox 330 653 379 693; x_wconf 81' lang='lat'><strong>21</strong></span> <span class='ocrx_word' id='word_1_42' title='bbox 411 660 449 692; x_wconf 88' lang='lat' dir='ltr'><strong>et</strong></span> <span class='ocrx_word' id='word_1_43' title='bbox 474 653 539 701; x_wconf 87' lang='grc'><strong>49,</strong></span> <span class='ocrx_word' id='word_1_44' title='bbox 569 653 601 691; x_wconf 93' lang='lat' dir='ltr'><strong>is</strong></span> <span class='ocrx_word' id='word_1_45' title='bbox 629 654 744 701; x_wconf 89' lang='lat' dir='ltr'><strong>nihil,</strong></span> <span class='ocrx_word' id='word_1_46' title='bbox 775 653 987 704; x_wconf 82' lang='lat' dir='ltr'>opinamur,</span> <span class='ocrx_word' id='word_1_47' title='bbox 1019 653 1325 700; x_wconf 80' lang='lat' dir='ltr'><strong>dubitabit,&#39;eam</strong></span> <span class='ocrx_word' id='word_1_48' title='bbox 1351 651 1530 690; x_wconf 88' lang='lat' dir='ltr'><strong>vocabulo</strong></span> <span class='ocrx_word' id='word_1_49' title='bbox 1556 654 1797 704; x_wconf 72' lang='grc' dir='ltr'><strong>πεφραδέμεν</strong></span> <span class='ocrx_word' id='word_1_50' title='bbox 1832 653 2021 693; x_wconf 82' lang='lat' dir='ltr'><strong>vindicare</strong></span> 
     </span>
     <span class='ocr_line' id='line_1_6' title="bbox 231 714 2020 772; baseline 0 -14"><span class='ocrx_word' id='word_1_51' title='bbox 231 726 468 772; x_wconf 86' lang='lat' dir='ltr'><strong>potestatem,</strong></span> <span class='ocrx_word' id='word_1_52' title='bbox 508 731 616 769; x_wconf 89' lang='lat' dir='ltr'><strong>quam</strong></span> <span class='ocrx_word' id='word_1_53' title='bbox 650 718 744 770; x_wconf 90' lang='lat' dir='ltr'><strong>apud</strong></span> <span class='ocrx_word' id='word_1_54' title='bbox 770 716 929 757; x_wconf 87' lang='lat' dir='ltr'><strong>Latinos</strong></span> <span class='ocrx_word' id='word_1_55' title='bbox 948 716 1113 758; x_wconf 81' lang='lat' dir='ltr'><strong>Verbum</strong></span> <span class='ocrx_word' id='word_1_56' title='bbox 1140 718 1250 757; x_wconf 85' lang='lat' dir='ltr'><strong>habet</strong></span> <span class='ocrx_word' id='word_1_57' title='bbox 1269 718 1517 757; x_wconf 78' lang='lat' dir='ltr'><strong>monstrandi</strong></span> <span class='ocrx_word' id='word_1_58' title='bbox 1525 715 1581 767; x_wconf 83' lang='lat'><strong>9),</strong></span> <span class='ocrx_word' id='word_1_59' title='bbox 1619 716 1735 756; x_wconf 85' lang='lat' dir='ltr'><strong>sicubi</strong></span> <span class='ocrx_word' id='word_1_60' title='bbox 1763 717 1798 757; x_wconf 94' lang='lat' dir='ltr'><strong>id</strong></span> <span class='ocrx_word' id='word_1_61' title='bbox 1826 714 2020 770; x_wconf 85' lang='lat' dir='ltr'><strong>Objectum</strong></span> 
     </span>
     <span class='ocr_line' id='line_1_7' title="bbox 231 782 2018 834; baseline -0.001 -11"><span class='ocrx_word' id='word_1_62' title='bbox 231 784 380 823; x_wconf 82' lang='lat' dir='ltr'><strong>asciscit</strong></span> <span class='ocrx_word' id='word_1_63' title='bbox 403 785 509 822; x_wconf 76' lang='lat' dir='ltr'><strong>viam</strong></span> <span class='ocrx_word' id='word_1_64' title='bbox 534 783 614 821; x_wconf 89' lang='lat' dir='ltr'><strong>sive</strong></span> <span class='ocrx_word' id='word_1_65' title='bbox 639 785 714 822; x_wconf 80' lang='lat' dir='ltr'><strong>iter</strong></span> <span class='ocrx_word' id='word_1_66' title='bbox 737 784 798 821; x_wconf 89' lang='lat' dir='ltr'><strong>vel</strong></span> <span class='ocrx_word' id='word_1_67' title='bbox 826 783 976 821; x_wconf 92' lang='lat' dir='ltr'><strong>omnino</strong></span> <span class='ocrx_word' id='word_1_68' title='bbox 986 782 1251 822; x_wconf 84' lang='lat' dir='ltr'><strong>Accusativum</strong></span> <span class='ocrx_word' id='word_1_69' title='bbox 1262 782 1317 820; x_wconf 90' lang='lat' dir='ltr'><strong>rei</strong></span> <span class='ocrx_word' id='word_1_70' title='bbox 1345 782 1502 834; x_wconf 89' lang='lat' dir='ltr'><strong>alicujus</strong></span> <span class='ocrx_word' id='word_1_71' title='bbox 1529 782 1698 820; x_wconf 86' lang='lat' dir='ltr'><strong>sensibus</strong></span> <span class='ocrx_word' id='word_1_72' title='bbox 1724 783 1935 834; x_wconf 81' lang='lat' dir='ltr'><strong>subjectae3</strong></span> <span class='ocrx_word' id='word_1_73' title='bbox 1969 785 2018 824; x_wconf 81' lang='lat' dir='ltr'><strong>cf.</strong></span> 
     </span>
     <span class='ocr_line' id='line_1_8' title="bbox 232 845 2017 900; baseline -0.001 -12"><span class='ocrx_word' id='word_1_74' title='bbox 232 856 275 888; x_wconf 91' lang='lat' dir='ltr'><strong>ut</strong></span> <span class='ocrx_word' id='word_1_75' title='bbox 296 850 335 888; x_wconf 93' lang='lat' dir='ltr'><strong>in</strong></span> <span class='ocrx_word' id='word_1_76' title='bbox 363 855 553 900; x_wconf 88' lang='lat' dir='ltr'><strong>poetarum</strong></span> <span class='ocrx_word' id='word_1_77' title='bbox 571 847 715 886; x_wconf 89' lang='lat' dir='ltr'><strong>dicendi</strong></span> <span class='ocrx_word' id='word_1_78' title='bbox 732 848 999 887; x_wconf 89' lang='lat' dir='ltr'><strong>consuetudine</strong></span> <span class='ocrx_word' id='word_1_79' title='bbox 1027 847 1324 897; x_wconf 87' lang='lat' dir='ltr'><strong>acquiescamus:</strong></span> <span class='ocrx_word' id='word_1_80' title='bbox 1357 846 1489 886; x_wconf 85' lang='lat' dir='ltr'><strong>Horat.</strong></span> <span class='ocrx_word' id='word_1_81' title='bbox 1533 845 1654 897; x_wconf 80' lang='lat' dir='ltr'><strong>Epist.</strong></span> <span class='ocrx_word' id='word_1_82' title='bbox 1670 846 1834 894; x_wconf 83' lang='lat'><strong>1‚17‚4.</strong></span> <span class='ocrx_word' id='word_1_83' title='bbox 1849 847 1938 895; x_wconf 82' lang='lat'><strong>1‚2‚</strong></span> <span class='ocrx_word' id='word_1_84' title='bbox 1951 845 2017 886; x_wconf 83' lang='lat'><strong>65.</strong></span> 
     </span>
     <span class='ocr_line' id='line_1_9' title="bbox 232 908 2018 965; baseline -0.001 -13"><span class='ocrx_word' id='word_1_85' title='bbox 232 914 333 965; x_wconf 86' lang='lat' dir='ltr'><strong>(vide</strong></span> <span class='ocrx_word' id='word_1_86' title='bbox 365 920 504 959; x_wconf 87' lang='lat' dir='ltr'><strong>tamen,</strong></span> <span class='ocrx_word' id='word_1_87' title='bbox 540 924 635 962; x_wconf 86' lang='lat' dir='ltr'><strong>quae</strong></span> <span class='ocrx_word' id='word_1_88' title='bbox 670 912 715 950; x_wconf 85' lang='lat' dir='ltr'><strong>ad</strong></span> <span class='ocrx_word' id='word_1_89' title='bbox 751 912 850 960; x_wconf 76' lang='lat' dir='ltr'><strong>hunc</strong></span> <span class='ocrx_word' id='word_1_90' title='bbox 887 912 1007 951; x_wconf 89' lang='lat' dir='ltr'><strong>locum</strong></span> <span class='ocrx_word' id='word_1_91' title='bbox 1041 911 1234 950; x_wconf 80' lang='lat' dir='ltr'><strong>annotavit</strong></span> <span class='ocrx_word' id='word_1_92' title='bbox 1268 909 1489 960; x_wconf 81' lang='lat' dir='ltr'><strong>Obbarius);</strong></span> <span class='ocrx_word' id='word_1_93' title='bbox 1529 908 1639 949; x_wconf 88' lang='lat' dir='ltr'><strong>Ovid.</strong></span> <span class='ocrx_word' id='word_1_94' title='bbox 1675 910 1830 950; x_wconf 85' lang='lat' dir='ltr'><strong>Metam.</strong></span> <span class='ocrx_word' id='word_1_95' title='bbox 1860 912 1899 959; x_wconf 88' lang='grc'><strong>3,</strong></span> <span class='ocrx_word' id='word_1_96' title='bbox 1927 910 2018 950; x_wconf 81' lang='lat'>302.</span> 
     </span>
     <span class='ocr_line' id='line_1_10' title="bbox 234 974 2023 1027; baseline -0.001 -9"><span class='ocrx_word' id='word_1_97' title='bbox 234 978 298 1026; x_wconf 87' lang='grc'><strong>13,</strong></span> <span class='ocrx_word' id='word_1_98' title='bbox 330 978 422 1017; x_wconf 80' lang='lat'><strong>552.</strong></span> <span class='ocrx_word' id='word_1_99' title='bbox 454 976 519 1025; x_wconf 85' lang='lat'><strong>14,</strong></span> <span class='ocrx_word' id='word_1_100' title='bbox 550 976 641 1016; x_wconf 84' lang='lat'><strong>115.</strong></span> <span class='ocrx_word' id='word_1_101' title='bbox 708 976 807 1016; x_wconf 90' lang='lat' dir='ltr'><strong>Nam</strong></span> <span class='ocrx_word' id='word_1_102' title='bbox 845 978 997 1016; x_wconf 90' lang='lat' dir='ltr'><strong>eandem</strong></span> <span class='ocrx_word' id='word_1_103' title='bbox 1031 977 1235 1023; x_wconf 82' lang='lat' dir='ltr'><strong>actionem,</strong></span> <span class='ocrx_word' id='word_1_104' title='bbox 1272 988 1379 1026; x_wconf 89' lang='lat' dir='ltr'><strong>quam</strong></span> <span class='ocrx_word' id='word_1_105' title='bbox 1414 988 1453 1014; x_wconf 85' lang='lat' dir='ltr'><strong>v.</strong></span> <span class='ocrx_word' id='word_1_106' title='bbox 1486 974 1541 1015; x_wconf 82' lang='lat'><strong>28</strong></span> <span class='ocrx_word' id='word_1_107' title='bbox 1566 976 1617 1014; x_wconf 88' lang='lat' dir='ltr'><strong>ita</strong></span> <span class='ocrx_word' id='word_1_108' title='bbox 1650 976 1923 1027; x_wconf 81' lang='lat' dir='ltr'><strong>significaverat</strong></span> <span class='ocrx_word' id='word_1_109' title='bbox 1947 975 2023 1016; x_wconf 88' lang='lat' dir='ltr'><strong>Mi-</strong></span> 
     </span>
     <span class='ocr_line' id='line_1_11' title="bbox 232 1037 2022 1092; baseline -0.002 -10"><span class='ocrx_word' id='word_1_110' title='bbox 232 1056 364 1090; x_wconf 76' lang='lat' dir='ltr'><strong>nerva,</strong></span> <span class='ocrx_word' id='word_1_111' title='bbox 395 1049 436 1080; x_wconf 89' lang='lat' dir='ltr'><strong>ut</strong></span> <span class='ocrx_word' id='word_1_112' title='bbox 461 1040 587 1080; x_wconf 89' lang='lat' dir='ltr'><strong>Verbo</strong></span> <span class='ocrx_word' id='word_1_113' title='bbox 615 1047 783 1080; x_wconf 83' lang='lat' dir='ltr'><strong>uteretur</strong></span> <span class='ocrx_word' id='word_1_114' title='bbox 809 1040 1001 1088; x_wconf 72' lang='grc' dir='ltr'><strong>δεικνύναι,</strong></span> <span class='ocrx_word' id='word_1_115' title='bbox 1030 1054 1067 1078; x_wconf 82' lang='grc' dir='ltr'><strong>ν.</strong></span> <span class='ocrx_word' id='word_1_116' title='bbox 1096 1038 1162 1079; x_wconf 81' lang='grc'><strong>49.</strong></span> <span class='ocrx_word' id='word_1_117' title='bbox 1189 1041 1339 1078; x_wconf 89' lang='lat' dir='ltr'><strong>denotat</strong></span> <span class='ocrx_word' id='word_1_118' title='bbox 1363 1037 1490 1078; x_wconf 90' lang='lat' dir='ltr'><strong>Verbo</strong></span> <span class='ocrx_word' id='word_1_119' title='bbox 1516 1041 1775 1091; x_wconf 83' lang='grc' dir='ltr'><strong><em>πεφραδέμεν,</em></strong></span> <span class='ocrx_word' id='word_1_120' title='bbox 1802 1041 1902 1079; x_wconf 91' lang='lat' dir='ltr'><strong>inter</strong></span> <span class='ocrx_word' id='word_1_121' title='bbox 1926 1041 2022 1092; x_wconf 90' lang='lat' dir='ltr'><strong>quod</strong></span> 
     </span>
     <span class='ocr_line' id='line_1_12' title="bbox 231 1104 2022 1157; baseline -0.001 -11"><span class='ocrx_word' id='word_1_122' title='bbox 231 1114 271 1153; x_wconf 85' lang='lat' dir='ltr'><strong>et</strong></span> <span class='ocrx_word' id='word_1_123' title='bbox 296 1107 387 1146; x_wconf 90' lang='lat' dir='ltr'><strong>illud</strong></span> <span class='ocrx_word' id='word_1_124' title='bbox 413 1105 631 1145; x_wconf 83' lang='lat' dir='ltr'><strong>vocabulum</strong></span> <span class='ocrx_word' id='word_1_125' title='bbox 659 1105 746 1157; x_wconf 90' lang='lat' dir='ltr'><strong>quid</strong></span> <span class='ocrx_word' id='word_1_126' title='bbox 770 1105 975 1144; x_wconf 82' lang='lat' dir='ltr'><strong>intercedat</strong></span> <span class='ocrx_word' id='word_1_127' title='bbox 999 1104 1242 1152; x_wconf 86' lang='lat' dir='ltr'><strong>discriminis,</strong></span> <span class='ocrx_word' id='word_1_128' title='bbox 1271 1117 1339 1143; x_wconf 94' lang='lat' dir='ltr'><strong>suo</strong></span> <span class='ocrx_word' id='word_1_129' title='bbox 1367 1104 1449 1143; x_wconf 92' lang='lat' dir='ltr'><strong>loco</strong></span> <span class='ocrx_word' id='word_1_130' title='bbox 1469 1104 1744 1156; x_wconf 75' lang='lat' dir='ltr'><strong>explicabimus.</strong></span> <span class='ocrx_word' id='word_1_131' title='bbox 1799 1104 1913 1145; x_wconf 89' lang='lat' dir='ltr'><strong>Nunc</strong></span> <span class='ocrx_word' id='word_1_132' title='bbox 1930 1106 2022 1145; x_wconf 88' lang='lat' dir='ltr'><strong>alios</strong></span> 
     </span>
     <span class='ocr_line' id='line_1_13' title="bbox 231 1165 2021 1226; baseline -0.001 -15"><span class='ocrx_word' id='word_1_133' title='bbox 231 1172 499 1226; x_wconf 85' lang='lat' dir='ltr'><strong>subjungamus</strong></span> <span class='ocrx_word' id='word_1_134' title='bbox 535 1171 659 1220; x_wconf 90' lang='lat' dir='ltr'><strong>locos,</strong></span> <span class='ocrx_word' id='word_1_135' title='bbox 714 1171 754 1209; x_wconf 90' lang='lat' dir='ltr'><strong>in</strong></span> <span class='ocrx_word' id='word_1_136' title='bbox 788 1171 919 1222; x_wconf 91' lang='lat' dir='ltr'><strong>quibus</strong></span> <span class='ocrx_word' id='word_1_137' title='bbox 947 1170 1101 1209; x_wconf 88' lang='lat' dir='ltr'><strong>eandem</strong></span> <span class='ocrx_word' id='word_1_138' title='bbox 1128 1169 1434 1221; x_wconf 88' lang='lat' dir='ltr'><strong>significationem</strong></span> <span class='ocrx_word' id='word_1_139' title='bbox 1461 1165 1618 1225; x_wconf 67' lang='grc' dir='ltr'><strong><em>φράζειν</em></strong></span> <span class='ocrx_word' id='word_1_140' title='bbox 1650 1170 1816 1209; x_wconf 86' lang='lat' dir='ltr'><strong>obtinere</strong></span> <span class='ocrx_word' id='word_1_141' title='bbox 1848 1177 1958 1223; x_wconf 87' lang='lat' dir='ltr'><strong>atque</strong></span> <span class='ocrx_word' id='word_1_142' title='bbox 1982 1171 2021 1210; x_wconf 90' lang='lat' dir='ltr'><strong>in</strong></span> 
     </span>
     <span class='ocr_line' id='line_1_14' title="bbox 233 1234 1311 1288; baseline -0.004 -12"><span class='ocrx_word' id='word_1_143' title='bbox 233 1237 312 1285; x_wconf 89' lang='lat' dir='ltr'><strong>illo,</strong></span> <span class='ocrx_word' id='word_1_144' title='bbox 343 1250 450 1288; x_wconf 90' lang='lat' dir='ltr'><strong>quem</strong></span> <span class='ocrx_word' id='word_1_145' title='bbox 478 1237 586 1276; x_wconf 91' lang='lat' dir='ltr'><strong>modo</strong></span> <span class='ocrx_word' id='word_1_146' title='bbox 614 1237 824 1288; x_wconf 83' lang='lat' dir='ltr'><strong>tetigimus,</strong></span> <span class='ocrx_word' id='word_1_147' title='bbox 856 1236 1039 1275; x_wconf 87' lang='lat' dir='ltr'><strong>neminem</strong></span> <span class='ocrx_word' id='word_1_148' title='bbox 1066 1247 1156 1273; x_wconf 90' lang='lat' dir='ltr'><strong>sanc</strong></span> <span class='ocrx_word' id='word_1_149' title='bbox 1183 1234 1311 1285; x_wconf 86' lang='lat' dir='ltr'><strong>fugiet.</strong></span> 
     </span>
    </p>

    <p class='ocr_par' dir='ltr' id='par_1_3' title="bbox 232 1298 2025 2321">
     <span class='ocr_line' id='line_1_15' title="bbox 335 1298 2023 1354; baseline -0.001 -12"><span class='ocrx_word' id='word_1_150' title='bbox 335 1299 381 1342; x_wconf 90' lang='lat' dir='ltr'><strong>In</strong></span> <span class='ocrx_word' id='word_1_151' title='bbox 408 1316 480 1354; x_wconf 91' lang='lat' dir='ltr'><strong>quo</strong></span> <span class='ocrx_word' id='word_1_152' title='bbox 506 1315 644 1354; x_wconf 88' lang='lat' dir='ltr'><strong>genere</strong></span> <span class='ocrx_word' id='word_1_153' title='bbox 670 1302 861 1354; x_wconf 92' lang='lat' dir='ltr'><strong>ponendus</strong></span> <span class='ocrx_word' id='word_1_154' title='bbox 888 1307 945 1340; x_wconf 91' lang='lat' dir='ltr'><strong>est</strong></span> <span class='ocrx_word' id='word_1_155' title='bbox 970 1300 1137 1352; x_wconf 87' lang='lat' dir='ltr'><strong>inprimis</strong></span> <span class='ocrx_word' id='word_1_156' title='bbox 1163 1299 1289 1348; x_wconf 82' lang='lat' dir='ltr'><strong>locuS‚</strong></span> <span class='ocrx_word' id='word_1_157' title='bbox 1318 1300 1380 1351; x_wconf 88' lang='lat' dir='ltr'><strong>qui</strong></span> <span class='ocrx_word' id='word_1_158' title='bbox 1405 1300 1542 1352; x_wconf 89' lang='lat' dir='ltr'><strong>legitur</strong></span> <span class='ocrx_word' id='word_1_159' title='bbox 1568 1298 1689 1350; x_wconf 50' lang='lat' dir='ltr'><strong>oda,</strong></span> <span class='ocrx_word' id='word_1_160' title='bbox 1720 1300 1809 1341; x_wconf 89' lang='lat'><strong>111.</strong></span> <span class='ocrx_word' id='word_1_161' title='bbox 1848 1301 1909 1340; x_wconf 88' lang='lat' dir='ltr'><strong>vel</strong></span> <span class='ocrx_word' id='word_1_162' title='bbox 1938 1314 2023 1353; x_wconf 84' lang='lat' dir='ltr'><strong>pro·</strong></span> 
     </span>
     <span class='ocr_line' id='line_1_16' title="bbox 233 1365 2023 1419; baseline -0.001 -14"><span class='ocrx_word' id='word_1_163' title='bbox 233 1374 383 1419; x_wconf 89' lang='lat' dir='ltr'><strong>pterea,</strong></span> <span class='ocrx_word' id='word_1_164' title='bbox 414 1368 525 1418; x_wconf 92' lang='lat' dir='ltr'><strong>quod,</strong></span> <span class='ocrx_word' id='word_1_165' title='bbox 561 1380 654 1418; x_wconf 89' lang='lat' dir='ltr'><strong>quae</strong></span> <span class='ocrx_word' id='word_1_166' title='bbox 680 1367 731 1405; x_wconf 91' lang='lat' dir='ltr'><strong>ibi</strong></span> <span class='ocrx_word' id='word_1_167' title='bbox 757 1368 991 1414; x_wconf 80' lang='lat' dir='ltr'><strong>referuntur,</strong></span> <span class='ocrx_word' id='word_1_168' title='bbox 1028 1366 1255 1416; x_wconf 84' lang='lat' dir='ltr'><strong>aliquantum</strong></span> <span class='ocrx_word' id='word_1_169' title='bbox 1280 1365 1417 1403; x_wconf 89' lang='lat' dir='ltr'><strong>habent</strong></span> <span class='ocrx_word' id='word_1_170' title='bbox 1433 1365 1681 1405; x_wconf 89' lang='lat' dir='ltr'><strong>similitudinis</strong></span> <span class='ocrx_word' id='word_1_171' title='bbox 1716 1380 1797 1405; x_wconf 90' lang='lat' dir='ltr'><strong>cum</strong></span> <span class='ocrx_word' id='word_1_172' title='bbox 1822 1366 1892 1414; x_wconf 89' lang='lat' dir='ltr'><strong>iis,</strong></span> <span class='ocrx_word' id='word_1_173' title='bbox 1930 1378 2023 1419; x_wconf 75' lang='lat' dir='ltr'><strong>quae</strong></span> 
     </span>
     <span class='ocr_line' id='line_1_17' title="bbox 233 1428 2023 1483; baseline -0.001 -14"><span class='ocrx_word' id='word_1_174' title='bbox 233 1432 373 1483; x_wconf 90' lang='lat' dir='ltr'><strong>petenti</strong></span> <span class='ocrx_word' id='word_1_175' title='bbox 398 1432 466 1470; x_wconf 90' lang='lat' dir='ltr'><strong>sibi</strong></span> <span class='ocrx_word' id='word_1_176' title='bbox 494 1431 646 1470; x_wconf 85' lang='lat' dir='ltr'><strong>Alcinoi</strong></span> <span class='ocrx_word' id='word_1_177' title='bbox 674 1433 819 1470; x_wconf 92' lang='lat' dir='ltr'><strong>domum</strong></span> <span class='ocrx_word' id='word_1_178' title='bbox 846 1432 1045 1482; x_wconf 84' lang='lat' dir='ltr'><strong>contigisse</strong></span> <span class='ocrx_word' id='word_1_179' title='bbox 1072 1428 1204 1468; x_wconf 82' lang='lat' dir='ltr'><strong>Ulixes</strong></span> <span class='ocrx_word' id='word_1_180' title='bbox 1230 1430 1269 1467; x_wconf 90' lang='lat' dir='ltr'><strong>in</strong></span> <span class='ocrx_word' id='word_1_181' title='bbox 1296 1429 1402 1476; x_wconf 87' lang='lat' dir='ltr'><strong>loco,</strong></span> <span class='ocrx_word' id='word_1_182' title='bbox 1441 1430 1537 1468; x_wconf 91' lang='lat' dir='ltr'><strong>unde</strong></span> <span class='ocrx_word' id='word_1_183' title='bbox 1565 1432 1690 1469; x_wconf 82' lang='lat' dir='ltr'><strong>exorsi</strong></span> <span class='ocrx_word' id='word_1_184' title='bbox 1714 1444 1863 1477; x_wconf 82' lang='lat' dir='ltr'><strong>sumuS,</strong></span> <span class='ocrx_word' id='word_1_185' title='bbox 1894 1443 2023 1469; x_wconf 91' lang='lat' dir='ltr'><strong>narra-</strong></span> 
     </span>
     <span class='ocr_line' id='line_1_18' title="bbox 232 1491 2021 1548; baseline -0.001 -13"><span class='ocrx_word' id='word_1_186' title='bbox 232 1495 301 1536; x_wconf 83' lang='lat' dir='ltr'><strong>vit.</strong></span> <span class='ocrx_word' id='word_1_187' title='bbox 358 1493 457 1535; x_wconf 88' lang='lat' dir='ltr'><strong>Filia</strong></span> <span class='ocrx_word' id='word_1_188' title='bbox 484 1496 583 1536; x_wconf 91' lang='lat' dir='ltr'><strong>enim</strong></span> <span class='ocrx_word' id='word_1_189' title='bbox 608 1494 855 1548; x_wconf 77' lang='lat' dir='ltr'><strong>Antiphatae,</strong></span> <span class='ocrx_word' id='word_1_190' title='bbox 883 1494 983 1547; x_wconf 88' lang='lat' dir='ltr'><strong>regis</strong></span> <span class='ocrx_word' id='word_1_191' title='bbox 1008 1491 1331 1546; x_wconf 84' lang='lat' dir='ltr'><strong>Laestrygonum,</strong></span> <span class='ocrx_word' id='word_1_192' title='bbox 1374 1499 1460 1533; x_wconf 85' lang='lat' dir='ltr'><strong>ante</strong></span> <span class='ocrx_word' id='word_1_193' title='bbox 1496 1494 1664 1546; x_wconf 90' lang='lat' dir='ltr'><strong>oppidum</strong></span> <span class='ocrx_word' id='word_1_194' title='bbox 1691 1508 1821 1547; x_wconf 86' lang='lat' dir='ltr'><strong>aquam</strong></span> <span class='ocrx_word' id='word_1_195' title='bbox 1847 1494 2021 1546; x_wconf 85' lang='lat' dir='ltr'><strong>petitura,</strong></span> 
     </span>
     <span class='ocr_line' id='line_1_19' title="bbox 233 1556 2022 1611; baseline -0.001 -14"><span class='ocrx_word' id='word_1_196' title='bbox 233 1560 275 1597; x_wconf 91' lang='lat' dir='ltr'><strong>in</strong></span> <span class='ocrx_word' id='word_1_197' title='bbox 301 1560 424 1597; x_wconf 92' lang='lat' dir='ltr'><strong>socios</strong></span> <span class='ocrx_word' id='word_1_198' title='bbox 452 1558 576 1598; x_wconf 83' lang='lat' dir='ltr'><strong>Ulixis</strong></span> <span class='ocrx_word' id='word_1_199' title='bbox 602 1565 818 1611; x_wconf 87' lang='lat' dir='ltr'><strong>tempestate</strong></span> <span class='ocrx_word' id='word_1_200' title='bbox 843 1559 883 1595; x_wconf 91' lang='lat' dir='ltr'><strong>in</strong></span> <span class='ocrx_word' id='word_1_201' title='bbox 912 1556 1213 1609; x_wconf 78' lang='lat' dir='ltr'><strong>Laestrygonum</strong></span> <span class='ocrx_word' id='word_1_202' title='bbox 1239 1558 1398 1596; x_wconf 92' lang='lat' dir='ltr'><strong>insulam</strong></span> <span class='ocrx_word' id='word_1_203' title='bbox 1423 1558 1533 1595; x_wconf 91' lang='lat' dir='ltr'><strong>delati</strong></span> <span class='ocrx_word' id='word_1_204' title='bbox 1559 1559 1701 1597; x_wconf 89' lang='lat' dir='ltr'><strong>incidit.</strong></span> <span class='ocrx_word' id='word_1_205' title='bbox 1732 1557 1806 1608; x_wconf 83' lang='lat' dir='ltr'><strong>Qui</strong></span> <span class='ocrx_word' id='word_1_206' title='bbox 1824 1571 1932 1609; x_wconf 92' lang='lat' dir='ltr'><strong>quum</strong></span> <span class='ocrx_word' id='word_1_207' title='bbox 1950 1558 2022 1596; x_wconf 88' lang='lat' dir='ltr'><strong>sci-</strong></span> 
     </span>
     <span class='ocr_line' id='line_1_20' title="bbox 233 1622 2021 1675; baseline -0.001 -13"><span class='ocrx_word' id='word_1_208' title='bbox 233 1624 356 1663; x_wconf 83' lang='lat' dir='ltr'><strong>scitati</strong></span> <span class='ocrx_word' id='word_1_209' title='bbox 386 1637 435 1663; x_wconf 85' lang='lat' dir='ltr'><strong>ex</strong></span> <span class='ocrx_word' id='word_1_210' title='bbox 447 1625 569 1675; x_wconf 89' lang='lat' dir='ltr'><strong>puella</strong></span> <span class='ocrx_word' id='word_1_211' title='bbox 583 1631 722 1672; x_wconf 85' lang='lat' dir='ltr'><strong>essent,</strong></span> <span class='ocrx_word' id='word_1_212' title='bbox 753 1623 834 1673; x_wconf 88' lang='lat' dir='ltr'><strong>quis</strong></span> <span class='ocrx_word' id='word_1_213' title='bbox 859 1634 930 1660; x_wconf 85' lang='lat' dir='ltr'><strong>rex</strong></span> <span class='ocrx_word' id='word_1_214' title='bbox 956 1628 1056 1660; x_wconf 88' lang='lat' dir='ltr'><strong>esset</strong></span> <span class='ocrx_word' id='word_1_215' title='bbox 1082 1634 1224 1669; x_wconf 90' lang='lat' dir='ltr'><strong>eorum,</strong></span> <span class='ocrx_word' id='word_1_216' title='bbox 1255 1622 1317 1672; x_wconf 93' lang='lat' dir='ltr'><strong>qui</strong></span> <span class='ocrx_word' id='word_1_217' title='bbox 1343 1622 1471 1660; x_wconf 90' lang='lat' dir='ltr'><strong>urbem</strong></span> <span class='ocrx_word' id='word_1_218' title='bbox 1498 1622 1724 1671; x_wconf 88' lang='lat' dir='ltr'><strong>incolebant,</strong></span> <span class='ocrx_word' id='word_1_219' title='bbox 1743 1623 1866 1662; x_wconf 86' lang='lat' dir='ltr'><strong>statim</strong></span> <span class='ocrx_word' id='word_1_220' title='bbox 1892 1622 1956 1661; x_wconf 88' lang='lat' dir='ltr'><strong>illa</strong></span> <span class='ocrx_word' id='word_1_221' title='bbox 1981 1622 2021 1661; x_wconf 91' lang='lat' dir='ltr'><strong>in</strong></span> 
     </span>
     <span class='ocr_line' id='line_1_21' title="bbox 234 1683 2023 1741; baseline 0.001 -13"><span class='ocrx_word' id='word_1_222' title='bbox 234 1688 403 1741; x_wconf 92' lang='lat' dir='ltr'><strong>oppidum</strong></span> <span class='ocrx_word' id='word_1_223' title='bbox 440 1703 523 1729; x_wconf 90' lang='lat' dir='ltr'><strong>cum</strong></span> <span class='ocrx_word' id='word_1_224' title='bbox 551 1689 598 1729; x_wconf 92' lang='lat' dir='ltr'><strong>iis</strong></span> <span class='ocrx_word' id='word_1_225' title='bbox 631 1701 783 1729; x_wconf 86' lang='lat' dir='ltr'><strong>reversa</strong></span> <span class='ocrx_word' id='word_1_226' title='bbox 818 1686 931 1739; x_wconf 86' lang='lat' dir='ltr'><strong>patris</strong></span> <span class='ocrx_word' id='word_1_227' title='bbox 968 1685 1152 1726; x_wconf 84' lang='lat' dir='ltr'><strong>excelsam</strong></span> <span class='ocrx_word' id='word_1_228' title='bbox 1186 1686 1330 1725; x_wconf 92' lang='lat' dir='ltr'><strong>domum</strong></span> <span class='ocrx_word' id='word_1_229' title='bbox 1363 1686 1603 1726; x_wconf 86' lang='lat' dir='ltr'><strong>monstravit:</strong></span> <span class='ocrx_word' id='word_1_230' title='bbox 1632 1685 1654 1740; x_wconf 79' lang='grc' dir='ltr'><em>ἤ</em></span> <span class='ocrx_word' id='word_1_231' title='bbox 1689 1689 1729 1730; x_wconf 83' lang='grc' dir='ltr'><strong>δέ</strong></span> <span class='ocrx_word' id='word_1_232' title='bbox 1760 1683 1853 1738; x_wconf 57' lang='lat' dir='ltr'><strong>uit·</strong></span> <span class='ocrx_word' id='word_1_233' title='bbox 1886 1684 2023 1728; x_wconf 74' lang='grc' dir='ltr'><strong>αὸτὸια</strong></span> 
     </span>
     <span class='ocr_line' id='line_1_22' title="bbox 235 1750 2023 1807; baseline -0.001 -14"><span class='ocrx_word' id='word_1_234' title='bbox 235 1751 377 1807; x_wconf 73' lang='grc' dir='ltr'><strong><em>πατρός</em></strong></span> <span class='ocrx_word' id='word_1_235' title='bbox 402 1756 671 1806; x_wconf 80' lang='grc' dir='ltr'><strong><em>ἐπέφραδεν</em></strong></span> <span class='ocrx_word' id='word_1_236' title='bbox 696 1752 890 1807; x_wconf 71' lang='grc' dir='ltr'><strong><em>ὑψερεφὲς</em></strong></span> <span class='ocrx_word' id='word_1_237' title='bbox 916 1753 979 1793; x_wconf 72' lang='grc' dir='ltr'><strong>δᾶῐ,</strong></span> <span class='ocrx_word' id='word_1_238' title='bbox 1042 1751 1125 1791; x_wconf 91' lang='lat' dir='ltr'><strong>Nec</strong></span> <span class='ocrx_word' id='word_1_239' title='bbox 1160 1751 1346 1790; x_wconf 89' lang='lat' dir='ltr'><strong>dissimilis</strong></span> <span class='ocrx_word' id='word_1_240' title='bbox 1379 1750 1482 1789; x_wconf 91' lang='lat' dir='ltr'><strong>locus</strong></span> <span class='ocrx_word' id='word_1_241' title='bbox 1516 1758 1573 1790; x_wconf 88' lang='lat' dir='ltr'><strong>est</strong></span> <span class='ocrx_word' id='word_1_242' title='bbox 1606 1750 1678 1792; x_wconf 85' lang='lat' dir='ltr'><strong>od.</strong></span> <span class='ocrx_word' id='word_1_243' title='bbox 1717 1768 1749 1803; x_wconf 84' lang='lat' dir='ltr'><strong>o,</strong></span> <span class='ocrx_word' id='word_1_244' title='bbox 1776 1752 1868 1792; x_wconf 78' lang='lat'><strong>424.</strong></span> <span class='ocrx_word' id='word_1_245' title='bbox 1923 1752 2023 1792; x_wconf 88' lang='lat' dir='ltr'><strong>Nam</strong></span> 
     </span>
     <span class='ocr_line' id='line_1_23' title="bbox 235 1812 2021 1870; baseline -0.001 -12"><span class='ocrx_word' id='word_1_246' title='bbox 235 1818 446 1858; x_wconf 90' lang='lat' dir='ltr'><strong>Phoenissa</strong></span> <span class='ocrx_word' id='word_1_247' title='bbox 472 1819 670 1870; x_wconf 88' lang='lat' dir='ltr'><strong>quaedam,</strong></span> <span class='ocrx_word' id='word_1_248' title='bbox 709 1830 802 1869; x_wconf 92' lang='lat' dir='ltr'><strong>quae</strong></span> <span class='ocrx_word' id='word_1_249' title='bbox 838 1830 948 1855; x_wconf 88' lang='lat' dir='ltr'><strong>serva</strong></span> <span class='ocrx_word' id='word_1_250' title='bbox 974 1823 1055 1854; x_wconf 88' lang='lat' dir='ltr'><strong>erat</strong></span> <span class='ocrx_word' id='word_1_251' title='bbox 1080 1813 1220 1863; x_wconf 86' lang='lat' dir='ltr'><strong>Ctesii,</strong></span> <span class='ocrx_word' id='word_1_252' title='bbox 1254 1814 1353 1866; x_wconf 85' lang='lat' dir='ltr'><strong>regis</strong></span> <span class='ocrx_word' id='word_1_253' title='bbox 1390 1812 1592 1866; x_wconf 82' lang='lat' dir='ltr'><strong>Syrorum,</strong></span> <span class='ocrx_word' id='word_1_254' title='bbox 1629 1816 1674 1853; x_wconf 89' lang='lat' dir='ltr'><strong>ab</strong></span> <span class='ocrx_word' id='word_1_255' title='bbox 1705 1830 1780 1855; x_wconf 91' lang='lat' dir='ltr'><strong>uno</strong></span> <span class='ocrx_word' id='word_1_256' title='bbox 1808 1830 1857 1856; x_wconf 86' lang='lat' dir='ltr'><strong>cx</strong></span> <span class='ocrx_word' id='word_1_257' title='bbox 1884 1818 2021 1866; x_wconf 88' lang='lat' dir='ltr'><strong>nautis,</strong></span> 
     </span>
     <span class='ocr_line' id='line_1_24' title="bbox 235 1878 2021 1935; baseline -0.001 -13"><span class='ocrx_word' id='word_1_258' title='bbox 235 1884 296 1935; x_wconf 90' lang='lat' dir='ltr'><strong>qui</strong></span> <span class='ocrx_word' id='word_1_259' title='bbox 323 1884 368 1923; x_wconf 90' lang='lat' dir='ltr'><strong>ad</strong></span> <span class='ocrx_word' id='word_1_260' title='bbox 393 1884 494 1922; x_wconf 88' lang='lat' dir='ltr'><strong>illam</strong></span> <span class='ocrx_word' id='word_1_261' title='bbox 521 1884 681 1922; x_wconf 91' lang='lat' dir='ltr'><strong>insulam</strong></span> <span class='ocrx_word' id='word_1_262' title='bbox 708 1881 945 1934; x_wconf 88' lang='lat' dir='ltr'><strong>appulerant,</strong></span> <span class='ocrx_word' id='word_1_263' title='bbox 974 1892 1046 1930; x_wconf 91' lang='lat' dir='ltr'><strong>quo</strong></span> <span class='ocrx_word' id='word_1_264' title='bbox 1070 1890 1207 1929; x_wconf 84' lang='lat' dir='ltr'><strong>genere</strong></span> <span class='ocrx_word' id='word_1_265' title='bbox 1233 1885 1316 1916; x_wconf 90' lang='lat' dir='ltr'><strong>orta</strong></span> <span class='ocrx_word' id='word_1_266' title='bbox 1341 1878 1438 1916; x_wconf 88' lang='lat' dir='ltr'><strong>unde</strong></span> <span class='ocrx_word' id='word_1_267' title='bbox 1464 1878 1551 1916; x_wconf 88' lang='lat' dir='ltr'><strong>illuc</strong></span> <span class='ocrx_word' id='word_1_268' title='bbox 1564 1879 1752 1928; x_wconf 89' lang='lat' dir='ltr'><strong>venisset,</strong></span> <span class='ocrx_word' id='word_1_269' title='bbox 1779 1881 2021 1934; x_wconf 76' lang='lat' dir='ltr'><strong>interrogata,</strong></span> 
     </span>
     <span class='ocr_line' id='line_1_25' title="bbox 233 1943 2023 1998; baseline -0.002 -9"><span class='ocrx_word' id='word_1_270' title='bbox 233 1947 327 1997; x_wconf 63' lang='grc' dir='ltr'><strong>μα’λῖ</strong></span> <span class='ocrx_word' id='word_1_271' title='bbox 354 1947 491 1988; x_wconf 75' lang='grc' dir='ltr'><strong><em>αὐτίκα</em></strong></span> <span class='ocrx_word' id='word_1_272' title='bbox 517 1945 658 1998; x_wconf 75' lang='grc' dir='ltr'><strong><em>πατρδς</em></strong></span> <span class='ocrx_word' id='word_1_273' title='bbox 685 1947 782 1996; x_wconf 87' lang='lat' dir='ltr'><strong>(scil.</strong></span> <span class='ocrx_word' id='word_1_274' title='bbox 800 1944 1211 1996; x_wconf 85' lang='lat' dir='ltr'><strong>patrisEumaei,cujus</strong></span> <span class='ocrx_word' id='word_1_275' title='bbox 1237 1943 1327 1981; x_wconf 90' lang='lat' dir='ltr'><strong>hacc</strong></span> <span class='ocrx_word' id='word_1_276' title='bbox 1352 1943 1466 1981; x_wconf 85' lang='lat' dir='ltr'><strong>verba</strong></span> <span class='ocrx_word' id='word_1_277' title='bbox 1492 1951 1593 1990; x_wconf 91' lang='lat' dir='ltr'><strong>sunt,</strong></span> <span class='ocrx_word' id='word_1_278' title='bbox 1612 1958 1683 1994; x_wconf 91' lang='lat' dir='ltr'><strong>quo</strong></span> <span class='ocrx_word' id='word_1_279' title='bbox 1693 1952 1799 1995; x_wconf 81' lang='lat' dir='ltr'><strong>pacto</strong></span> <span class='ocrx_word' id='word_1_280' title='bbox 1809 1946 1887 1997; x_wconf 87' lang='lat' dir='ltr'><strong>ipse</strong></span> <span class='ocrx_word' id='word_1_281' title='bbox 1901 1947 2023 1985; x_wconf 83' lang='lat' dir='ltr'><strong>infans</strong></span> 
     </span>
     <span class='ocr_line' id='line_1_26' title="bbox 235 2005 2025 2064; baseline 0.002 -13"><span class='ocrx_word' id='word_1_282' title='bbox 235 2012 322 2051; x_wconf 92' lang='lat' dir='ltr'><strong>olim</strong></span> <span class='ocrx_word' id='word_1_283' title='bbox 350 2026 372 2051; x_wconf 93' lang='lat' dir='ltr'><strong>a</strong></span> <span class='ocrx_word' id='word_1_284' title='bbox 396 2011 647 2052; x_wconf 90' lang='lat' dir='ltr'><strong>Phoenicibus</strong></span> <span class='ocrx_word' id='word_1_285' title='bbox 673 2017 800 2062; x_wconf 89' lang='lat' dir='ltr'><strong>raptus</strong></span> <span class='ocrx_word' id='word_1_286' title='bbox 829 2016 866 2049; x_wconf 93' lang='lat' dir='ltr'><strong>et</strong></span> <span class='ocrx_word' id='word_1_287' title='bbox 896 2007 1059 2047; x_wconf 85' lang='lat' dir='ltr'><strong>Laertae</strong></span> <span class='ocrx_word' id='word_1_288' title='bbox 1095 2007 1266 2047; x_wconf 82' lang='lat' dir='ltr'><strong>venditus</strong></span> <span class='ocrx_word' id='word_1_289' title='bbox 1300 2008 1371 2056; x_wconf 86' lang='lat' dir='ltr'><strong>sit,</strong></span> <span class='ocrx_word' id='word_1_290' title='bbox 1433 2005 1536 2047; x_wconf 83' lang='lat' dir='ltr'><strong>Ulixi</strong></span> <span class='ocrx_word' id='word_1_291' title='bbox 1562 2009 1788 2059; x_wconf 87' lang='lat' dir='ltr'><strong>enarrantis)</strong></span> <span class='ocrx_word' id='word_1_292' title='bbox 1815 2013 2025 2064; x_wconf 72' lang='grc' dir='ltr'><strong><em>ἐπέφραδεν</em></strong></span> 
     </span>
     <span class='ocr_line' id='line_1_27' title="bbox 234 2072 2024 2131; baseline 0 -17"><span class='ocrx_word' id='word_1_293' title='bbox 234 2074 429 2131; x_wconf 70' lang='grc' dir='ltr'><strong>ὑψερεφὲς</strong></span> <span class='ocrx_word' id='word_1_294' title='bbox 462 2077 511 2118; x_wconf 71' lang='grc' dir='ltr'><strong>δῶ</strong></span> <span class='ocrx_word' id='word_1_295' title='bbox 537 2075 574 2114; x_wconf 90' lang='lat' dir='ltr'><strong>h.</strong></span> <span class='ocrx_word' id='word_1_296' title='bbox 605 2087 640 2113; x_wconf 90' lang='lat' dir='ltr'><strong>e.</strong></span> <span class='ocrx_word' id='word_1_297' title='bbox 670 2074 794 2113; x_wconf 86' lang='lat' dir='ltr'><strong>statim</strong></span> <span class='ocrx_word' id='word_1_298' title='bbox 827 2073 941 2126; x_wconf 81' lang='lat' dir='ltr'><strong>patris</strong></span> <span class='ocrx_word' id='word_1_299' title='bbox 975 2072 1160 2110; x_wconf 87' lang='lat' dir='ltr'><strong>excelsam</strong></span> <span class='ocrx_word' id='word_1_300' title='bbox 1188 2072 1332 2110; x_wconf 91' lang='lat' dir='ltr'><strong>domum</strong></span> <span class='ocrx_word' id='word_1_301' title='bbox 1365 2072 1586 2111; x_wconf 85' lang='lat' dir='ltr'><strong>monstravit</strong></span> <span class='ocrx_word' id='word_1_302' title='bbox 1620 2073 1701 2112; x_wconf 89' lang='lat' dir='ltr'><strong>scil.</strong></span> <span class='ocrx_word' id='word_1_303' title='bbox 1736 2074 1871 2128; x_wconf 66' lang='lat' dir='ltr'><strong>diffito,</strong></span> <span class='ocrx_word' id='word_1_304' title='bbox 1899 2087 2024 2127; x_wconf 90' lang='lat' dir='ltr'><strong>quem-</strong></span> 
     </span>
     <span class='ocr_line' id='line_1_28' title="bbox 235 2137 2020 2190; baseline -0.001 -9"><span class='ocrx_word' id='word_1_305' title='bbox 235 2143 429 2180; x_wconf 89' lang='lat' dir='ltr'><strong>admodum</strong></span> <span class='ocrx_word' id='word_1_306' title='bbox 462 2156 511 2180; x_wconf 80' lang='lat' dir='ltr'><strong>ex</strong></span> <span class='ocrx_word' id='word_1_307' title='bbox 542 2156 581 2180; x_wconf 86' lang='lat' dir='ltr'><strong>v.</strong></span> <span class='ocrx_word' id='word_1_308' title='bbox 611 2140 702 2178; x_wconf 87' lang='lat'><strong>454.</strong></span> <span class='ocrx_word' id='word_1_309' title='bbox 731 2154 812 2190; x_wconf 86' lang='lat' dir='ltr'><strong>sqq.</strong></span> <span class='ocrx_word' id='word_1_310' title='bbox 850 2140 983 2177; x_wconf 90' lang='lat' dir='ltr'><strong>elucet.</strong></span> <span class='ocrx_word' id='word_1_311' title='bbox 1025 2138 1125 2176; x_wconf 92' lang='lat' dir='ltr'><strong>Nam</strong></span> <span class='ocrx_word' id='word_1_312' title='bbox 1158 2138 1197 2175; x_wconf 90' lang='lat' dir='ltr'><strong>in</strong></span> <span class='ocrx_word' id='word_1_313' title='bbox 1222 2138 1331 2175; x_wconf 89' lang='lat' dir='ltr'><strong>litore</strong></span> <span class='ocrx_word' id='word_1_314' title='bbox 1347 2138 1492 2176; x_wconf 87' lang='lat' dir='ltr'><strong>insulae</strong></span> <span class='ocrx_word' id='word_1_315' title='bbox 1516 2140 1611 2188; x_wconf 85' lang='lat' dir='ltr'><strong>apud</strong></span> <span class='ocrx_word' id='word_1_316' title='bbox 1635 2137 1864 2178; x_wconf 88' lang='lat' dir='ltr'><strong>Phoenicum</strong></span> <span class='ocrx_word' id='word_1_317' title='bbox 1890 2154 2020 2179; x_wconf 90' lang='lat' dir='ltr'><strong>navem</strong></span> 
     </span>
     <span class='ocr_line' id='line_1_29' title="bbox 235 2198 2022 2254; baseline -0.001 -9"><span class='ocrx_word' id='word_1_318' title='bbox 235 2207 493 2247; x_wconf 86' lang='lat' dir='ltr'><strong>mercatoriam</strong></span> <span class='ocrx_word' id='word_1_319' title='bbox 525 2219 635 2245; x_wconf 87' lang='lat' dir='ltr'><strong>serva</strong></span> <span class='ocrx_word' id='word_1_320' title='bbox 668 2204 909 2251; x_wconf 75' lang='lat' dir='ltr'><strong>versabatur,</strong></span> <span class='ocrx_word' id='word_1_321' title='bbox 945 2217 1056 2254; x_wconf 91' lang='lat' dir='ltr'><strong>quum</strong></span> <span class='ocrx_word' id='word_1_322' title='bbox 1090 2198 1208 2241; x_wconf 83' lang='lat' dir='ltr'><strong>Ctesii</strong></span> <span class='ocrx_word' id='word_1_323' title='bbox 1242 2201 1409 2250; x_wconf 87' lang='lat' dir='ltr'><strong>domum,</strong></span> <span class='ocrx_word' id='word_1_324' title='bbox 1443 2215 1551 2254; x_wconf 89' lang='lat' dir='ltr'><strong>quam</strong></span> <span class='ocrx_word' id='word_1_325' title='bbox 1586 2202 1786 2243; x_wconf 82' lang='lat' dir='ltr'><strong>verisimile</strong></span> <span class='ocrx_word' id='word_1_326' title='bbox 1819 2210 1876 2243; x_wconf 82' lang='lat' dir='ltr'><strong>est</strong></span> <span class='ocrx_word' id='word_1_327' title='bbox 1901 2218 2022 2244; x_wconf 89' lang='lat' dir='ltr'><strong>arcem</strong></span> 
     </span>
     <span class='ocr_line' id='line_1_30' title="bbox 236 2270 994 2321; baseline -0.004 -13"><span class='ocrx_word' id='word_1_328' title='bbox 236 2272 416 2321; x_wconf 88' lang='lat' dir='ltr'><strong>quandam</strong></span> <span class='ocrx_word' id='word_1_329' title='bbox 443 2272 579 2320; x_wconf 82' lang='lat' dir='ltr'><strong>fuisse,</strong></span> <span class='ocrx_word' id='word_1_330' title='bbox 607 2270 731 2309; x_wconf 91' lang='lat' dir='ltr'><strong>nautis</strong></span> <span class='ocrx_word' id='word_1_331' title='bbox 757 2274 994 2307; x_wconf 90' lang='lat' dir='ltr'><strong>monstraret.</strong></span> 
     </span>
    </p>
   </div>
   <div class='ocr_carea' id='block_1_3' title="bbox 287 2425 2020 2551">
    <p class='ocr_par' dir='ltr' id='par_1_4' title="bbox 287 2425 2020 2551">
     <span class='ocr_line' id='line_1_31' title="bbox 287 2425 2020 2487; baseline -0.003 -11"><span class='ocrx_word' id='word_1_332' title='bbox 287 2444 322 2485; x_wconf 78' lang='grc'><strong>9)</strong></span> <span class='ocrx_word' id='word_1_333' title='bbox 345 2443 514 2485; x_wconf 72' lang='lat' dir='ltr'><strong>originem</strong></span> <span class='ocrx_word' id='word_1_334' title='bbox 541 2443 635 2487; x_wconf 81' lang='lat' dir='ltr'><strong>hujus</strong></span> <span class='ocrx_word' id='word_1_335' title='bbox 657 2444 745 2475; x_wconf 81' lang='lat' dir='ltr'><strong>vocis</strong></span> <span class='ocrx_word' id='word_1_336' title='bbox 775 2443 803 2473; x_wconf 78' lang='lat' dir='ltr'><strong>si</strong></span> <span class='ocrx_word' id='word_1_337' title='bbox 833 2445 977 2485; x_wconf 68' lang='lat' dir='ltr'><strong>spectes,</strong></span> <span class='ocrx_word' id='word_1_338' title='bbox 1001 2440 1078 2471; x_wconf 78' lang='lat' dir='ltr'><strong>haec</strong></span> <span class='ocrx_word' id='word_1_339' title='bbox 1106 2441 1188 2471; x_wconf 79' lang='lat' dir='ltr'><strong>inter</strong></span> <span class='ocrx_word' id='word_1_340' title='bbox 1210 2450 1277 2470; x_wconf 79' lang='lat' dir='ltr'><strong>eam</strong></span> <span class='ocrx_word' id='word_1_341' title='bbox 1299 2443 1330 2470; x_wconf 78' lang='lat' dir='ltr'><strong>et</strong></span> <span class='ocrx_word' id='word_1_342' title='bbox 1351 2438 1544 2470; x_wconf 73' lang='lat' dir='ltr'><strong>vocabulum</strong></span> <span class='ocrx_word' id='word_1_343' title='bbox 1575 2425 1728 2484; x_wconf 51' lang='grc' dir='ltr'><strong>φράζειν</strong></span> <span class='ocrx_word' id='word_1_344' title='bbox 1753 2443 1921 2475; x_wconf 68' lang='lat' dir='ltr'><strong>intercedit</strong></span> <span class='ocrx_word' id='word_1_345' title='bbox 1942 2445 2020 2476; x_wconf 66' lang='lat' dir='ltr'><strong>min</strong></span> 
     </span>
     <span class='ocr_line' id='line_1_32' title="bbox 340 2489 2020 2551; baseline -0.001 -12"><span class='ocrx_word' id='word_1_346' title='bbox 340 2509 495 2551; x_wconf 74' lang='lat' dir='ltr'><strong>quaedam</strong></span> <span class='ocrx_word' id='word_1_347' title='bbox 516 2509 676 2549; x_wconf 75' lang='lat' dir='ltr'><strong>analogia,</strong></span> <span class='ocrx_word' id='word_1_348' title='bbox 700 2508 786 2549; x_wconf 84' lang='lat' dir='ltr'><strong>quod</strong></span> <span class='ocrx_word' id='word_1_349' title='bbox 807 2506 1069 2549; x_wconf 76' lang='lat' dir='ltr'><strong>quemadmodum</strong></span> <span class='ocrx_word' id='word_1_350' title='bbox 1092 2489 1223 2548; x_wconf 56' lang='grc' dir='ltr'><strong>φράζω</strong></span> <span class='ocrx_word' id='word_1_351' title='bbox 1242 2495 1443 2535; x_wconf 60' lang='lat' dir='ltr'><strong>referendum</strong></span> <span class='ocrx_word' id='word_1_352' title='bbox 1464 2507 1510 2534; x_wconf 73' lang='lat' dir='ltr'><strong>est</strong></span> <span class='ocrx_word' id='word_1_353' title='bbox 1528 2505 1570 2534; x_wconf 72' lang='lat' dir='ltr'><strong>nd</strong></span> <span class='ocrx_word' id='word_1_354' title='bbox 1596 2492 1705 2547; x_wconf 63' lang='lat' dir='ltr'><strong>Qpoe&#39;oe</strong></span> <span class='ocrx_word' id='word_1_355' title='bbox 1740 2511 1769 2537; x_wconf 80' lang='lat' dir='ltr'><strong>et</strong></span> <span class='ocrx_word' id='word_1_356' title='bbox 1802 2509 2020 2548; x_wconf 72' lang='lat' dir='ltr'><strong>cognationem</strong></span> 
     </span>
    </p>
   </div>
   <div class='ocr_carea' id='block_1_4' title="bbox 338 2555 2019 2669">
    <p class='ocr_par' dir='ltr' id='par_1_5' title="bbox 338 2555 2019 2669">
     <span class='ocr_line' id='line_1_33' title="bbox 340 2555 2018 2616; baseline -0.001 -11"><span class='ocrx_word' id='word_1_357' title='bbox 340 2574 499 2616; x_wconf 76' lang='lat' dir='ltr'><strong>quandam</strong></span> <span class='ocrx_word' id='word_1_358' title='bbox 519 2583 558 2604; x_wconf 77' lang='lat' dir='ltr'><strong>ac</strong></span> <span class='ocrx_word' id='word_1_359' title='bbox 578 2573 848 2615; x_wconf 77' lang='lat' dir='ltr'><strong>propinquitatem</strong></span> <span class='ocrx_word' id='word_1_360' title='bbox 868 2570 964 2602; x_wconf 74' lang='lat' dir='ltr'><strong>habet</strong></span> <span class='ocrx_word' id='word_1_361' title='bbox 985 2581 1056 2601; x_wconf 86' lang='lat' dir='ltr'><strong>cum</strong></span> <span class='ocrx_word' id='word_1_362' title='bbox 1078 2579 1149 2603; x_wconf 83' lang='lat' dir='ltr'><strong>voe.</strong></span> <span class='ocrx_word' id='word_1_363' title='bbox 1179 2555 1289 2612; x_wconf 76' lang='grc' dir='ltr'><strong>Φρῆν,</strong></span> <span class='ocrx_word' id='word_1_364' title='bbox 1316 2567 1360 2598; x_wconf 74' lang='lat' dir='ltr'><strong>ita</strong></span> <span class='ocrx_word' id='word_1_365' title='bbox 1381 2573 1520 2599; x_wconf 65' lang='lat' dir='ltr'><strong>moult-o</strong></span> <span class='ocrx_word' id='word_1_366' title='bbox 1540 2568 1668 2600; x_wconf 74' lang='lat' dir='ltr'><strong>ductam</strong></span> <span class='ocrx_word' id='word_1_367' title='bbox 1689 2570 1880 2602; x_wconf 71' lang='lat' dir='ltr'><strong>arbitramur</strong></span> <span class='ocrx_word' id='word_1_368' title='bbox 1898 2583 1917 2603; x_wconf 77' lang='grc' dir='ltr'>ι</span> <span class='ocrx_word' id='word_1_369' title='bbox 1938 2572 2018 2604; x_wconf 78' lang='lat' dir='ltr'><strong>Ver-</strong></span> 
     </span>
     <span class='ocr_line' id='line_1_34' title="bbox 338 2625 2019 2669; baseline -0.004 -9"><span class='ocrx_word' id='word_1_370' title='bbox 338 2629 382 2660; x_wconf 76' lang='lat' dir='ltr'><strong>bo</strong></span> <span class='ocrx_word' id='word_1_371' title='bbox 406 2629 568 2664; x_wconf 71' lang='lat' dir='ltr'><strong>monendi,</strong></span> <span class='ocrx_word' id='word_1_372' title='bbox 592 2628 678 2669; x_wconf 80' lang='lat' dir='ltr'><strong>quod</strong></span> <span class='ocrx_word' id='word_1_373' title='bbox 698 2627 776 2668; x_wconf 85' lang='lat' dir='ltr'><strong>quin</strong></span> <span class='ocrx_word' id='word_1_374' title='bbox 798 2626 937 2668; x_wconf 72' lang='lat' dir='ltr'><strong>ejusdem</strong></span> <span class='ocrx_word' id='word_1_375' title='bbox 959 2626 1066 2668; x_wconf 67' lang='lat' dir='ltr'><strong>stirpis</strong></span> <span class='ocrx_word' id='word_1_376' title='bbox 1087 2636 1153 2656; x_wconf 83' lang='lat' dir='ltr'><strong>esse</strong></span> <span class='ocrx_word' id='word_1_377' title='bbox 1176 2628 1346 2655; x_wconf 71' lang='lat' dir='ltr'><strong>statu-mun</strong></span> <span class='ocrx_word' id='word_1_378' title='bbox 1367 2626 1458 2664; x_wconf 75' lang='lat' dir='ltr'><strong>atque</strong></span> <span class='ocrx_word' id='word_1_379' title='bbox 1479 2633 1551 2656; x_wconf 82' lang='lat' dir='ltr'><strong>voc.</strong></span> <span class='ocrx_word' id='word_1_380' title='bbox 1574 2626 1684 2654; x_wconf 72' lang='lat' dir='ltr'><strong>mentis</strong></span> <span class='ocrx_word' id='word_1_381' title='bbox 1705 2625 1786 2655; x_wconf 82' lang='lat' dir='ltr'><strong>nihil</strong></span> <span class='ocrx_word' id='word_1_382' title='bbox 1808 2636 1881 2658; x_wconf 73' lang='lat' dir='ltr'><strong>sane</strong></span> <span class='ocrx_word' id='word_1_383' title='bbox 1903 2627 2019 2660; x_wconf 55' lang='lat' dir='ltr'><strong>ohan,</strong></span> 
     </span>
    </p>
   </div>
   <div class='ocr_carea' id='block_1_5' title="bbox 339 2674 1747 2733">
    <p class='ocr_par' dir='ltr' id='par_1_6' title="bbox 339 2674 1747 2733">
     <span class='ocr_line' id='line_1_35' title="bbox 339 2674 1747 2733; baseline -0.007 -8"><span class='ocrx_word' id='word_1_384' title='bbox 339 2692 398 2727; x_wconf 78' lang='lat' dir='ltr'><strong>ct.</strong></span> <span class='ocrx_word' id='word_1_385' title='bbox 419 2693 631 2725; x_wconf 62' lang='lat' dir='ltr'><strong>moedau-m</strong></span> <span class='ocrx_word' id='word_1_386' title='bbox 650 2692 677 2726; x_wconf 90' lang='lat'><strong>1.</strong></span> <span class='ocrx_word' id='word_1_387' title='bbox 699 2692 725 2725; x_wconf 82' lang='lat'><strong>1.</strong></span> <span class='ocrx_word' id='word_1_388' title='bbox 749 2691 825 2723; x_wconf 81' lang='lat' dir='ltr'><strong>vol.</strong></span> <span class='ocrx_word' id='word_1_389' title='bbox 847 2691 878 2726; x_wconf 94' lang='lat'><strong>1.</strong></span> <span class='ocrx_word' id='word_1_390' title='bbox 899 2702 935 2733; x_wconf 69' lang='lat' dir='ltr'><strong>p.</strong></span> <span class='ocrx_word' id='word_1_391' title='bbox 958 2687 1044 2723; x_wconf 67' lang='lat'><strong>¹625.</strong></span> <span class='ocrx_word' id='word_1_392' title='bbox 1065 2688 1120 2731; x_wconf 82' lang='lat' dir='ltr'><strong>qui</strong></span> <span class='ocrx_word' id='word_1_393' title='bbox 1141 2688 1234 2719; x_wconf 75' lang='lat' dir='ltr'><strong>eum</strong></span> <span class='ocrx_word' id='word_1_394' title='bbox 1254 2687 1294 2718; x_wconf 73' lang='lat' dir='ltr'><strong>ae</strong></span> <span class='ocrx_word' id='word_1_395' title='bbox 1313 2686 1420 2719; x_wconf 66' lang='lat' dir='ltr'><strong>radice</strong></span> <span class='ocrx_word' id='word_1_396' title='bbox 1444 2674 1600 2716; x_wconf 89' lang='lat' dir='ltr'><strong>MANO</strong></span> <span class='ocrx_word' id='word_1_397' title='bbox 1622 2688 1747 2730; x_wconf 58' lang='lat' dir='ltr'><strong>cogita..</strong></span> 
     </span>
    </p>
   </div>
  </div>
 </body>
</html>
