2296 3445
1117 343 1175 386 15

252 468 374 507 damas
398 467 565 506 elocutus
589 470 660 513 est,
689 477 808 516 neque
834 466 880 504 ad
904 478 943 504 v.
976 464 1065 503 141.
1080 493 1092 513 ,
1127 478 1214 516 quo,
1243 477 1336 516 quae
1371 464 1577 503 differentia
1609 465 1709 503 inter
1733 464 1911 503 vocabula
1937 465 2026 509 ἔτος

251 540 290 572 et
312 533 438 583 μῦθος
460 530 677 579 intercedat,
706 530 974 583 apertissimum
1000 530 1054 579 fit,
1084 531 1174 570 satis
1200 530 1348 569 videtur
1372 530 1594 582 respexisse.
1649 529 1819 569 Alterum
1839 528 2025 568 Nitzschii

250 611 415 638 errorem
441 611 513 649 qua
537 596 682 635 ratione
716 596 847 635 tollere
881 602 1035 635 conatus
1067 597 1117 635 sit
1140 594 1342 644 Lehrsius‚
1377 609 1489 648 supra
1524 595 1907 644 commemoravimus,
1960 595 2025 632 sed

246 670 393 711 tantum
418 663 535 710 abest,
560 668 603 700 ut
626 661 667 700 in
692 660 801 713 hujus
825 660 898 699 viri
925 661 1139 710 doctissimi,
1170 661 1231 713 qui
1258 661 1418 700 abfuisse
1444 674 1482 700 v.
1512 660 1602 700 142.
1632 661 1671 699 in
1699 660 1933 699 melioribus
1925 657 2021 698 Mss.

248 742 316 781 pro
342 735 444 768 certo
473 734 582 778 atquc
607 726 798 777 explorato
826 725 948 773 habet,
977 726 1203 765 discedamus
1230 733 1365 777 partes,
1394 732 1437 765 ut
1459 727 1549 765 satis
1576 727 1612 765 id
1637 726 1814 777 probabili
1832 737 2025 775 argumen-

249 798 288 832 to
315 790 558 831 demonstrari
585 801 693 842 posse
719 801 974 842 pernegemus.
1026 788 1148 829 Nobis
1177 790 1335 842 igitur,³
1313 790 1495 829 ‹renuinus
1523 790 1581 829 hic
1612 803 1744 829 versus
1772 801 1854 828 esse
1879 777 2024 826 videtur

249 864 359 909 atque
387 857 427 895 in
454 868 581 895 eorum
607 855 772 893 locorum
798 866 936 905 genere
962 855 1199 902 referendus,
1234 855 1273 893 in
1300 855 1430 906 quihus
1455 853 1612 909 φράζειν
1637 855 1712 893 vim
1740 854 1882 893 obtinet
1909 852 2027 890 decla·

248 921 356 961 randi
377 920 439 959 vel
465 918 685 972 explicandi.
739 916 878 957 Melius
903 919 1079 958 videntur
1101 931 1179 957 rem
1204 931 1358 971 gerere,
1392 920 1455 971 qui
1487 920 1533 957 ad
1562 920 1791 958 refutandam
1817 916 2025 956 Aristarchi

249 987 458 1039 opinionem
484 985 574 1024 locis
598 991 774 1032 utuntur,
803 984 920 1035 qualis
947 991 1006 1024 est
1029 982 1075 1023 ll.
1105 1001 1152 1034 x,
1185 983 1275 1024 137.
1332 982 1451 1037 Cujus
1487 985 1543 1023 rei
1581 985 1709 1023 ducem
1743 991 1781 1022 et
1811 984 2027 1035 signiferum

249 1053 385 1092 habent
411 1048 535 1090 Schol.
565 1048 689 1102 Lips.‚
721 1049 783 1100 qui
808 1049 854 1088 ad
880 1061 938 1097 ea,
969 1062 1062 1100 quae
1089 1049 1158 1088 hoc
1183 1050 1265 1089 loco
1291 1050 1483 1102 leguntur:
1539 1048 1629 1091 ἀλλ’
1662 1049 1788 1097 ἴομεν·
1824 1047 1964 1093 κείνους
1990 1048 2030 1088 δὲ

248 1113 494 1170 κιχησὸμιθα
524 1113 594 1168 ηδ
625 1107 781 1154 πυλέων
814 1116 855 1153 ἐν
881 1108 1096 1164 φυλέκοσὸ
1118 1116 1178 1154 ἵνα
1209 1110 1282 1168 γάρ
1308 1119 1399 1166 σφιν
1426 1115 1636 1167 ἐπέφραδον
1659 1112 1908 1165 ἠγοράσθαι·
1939 1112 2030 1149 haec

249 1187 422 1221 annotat:
441 1181 534 1234 φησὶ
552 1178 638 1227 γοῦν
655 1177 841 1225 ἐνταῦθα,
867 1179 929 1218 ἵνα
953 1174 1026 1231 γάρ
1052 1182 1144 1228 σφιν
1168 1180 1379 1232 ἐπέφραδον
1405 1177 1632 1232 ἦγερσέσθαι
1658 1177 1744 1219 α’ντὶ
1770 1178 1836 1218 τοῦ
1860 1181 1945 1218 ἐκεῖ·
1963 1175 2029 1217 oev'-

248 1252 325 1292 τοῖς
355 1243 488 1286 οἶτον
518 1243 772 1296 συναχθῆναι.
829 1239 905 1281 Sed
947 1254 1037 1281 cave
1079 1243 1185 1282 fldem
1224 1243 1280 1282 his
1318 1243 1618 1295 explanatoribus
1659 1243 1807 1281 habeas.
1856 1241 1954 1280 Nam
1988 1242 2028 1281 in

247 1323 390 1350 summo
416 1308 627 1347 discrimine
659 1319 771 1357 quum
795 1319 857 1345 res
883 1305 1119 1346 Achaeorum
1145 1314 1380 1356 versaretur,
1418 1308 1576 1346 dilucida
1602 1314 1712 1358 atque
1738 1313 1910 1345 accurata
1936 1319 2027 1358 opus

249 1375 318 1415 fuit
342 1374 428 1423 loci,
456 1384 528 1425 quo
555 1370 738 1424 principes
764 1382 892 1410 corum
919 1372 1184 1421 convenirent,
1220 1371 1534 1412 demonstratione
1567 1385 1609 1411 ac
1637 1372 1896 1424 descriptione.
1953 1369 2028 1422 Qui

248 1452 339 1479 vero
365 1440 404 1478 in
429 1435 687 1489 comprobandi
713 1435 927 1474 societatem
952 1442 1103 1487 propter
1126 1436 1239 1475 verba
1263 1435 1487 1490 ἠγοράσθαι
1511 1432 1680 1486 α’νῶγει
1714 1436 1811 1476 trahi
1837 1448 1944 1488 posse
1971 1437 2028 1475 vi-

250 1506 380 1543 deatur
407 1504 525 1549 loom,
555 1499 627 1539 od.
658 1503 702 1549 β.
724 1498 834 1547 385.,
864 1501 897 1538 is
924 1501 1061 1538 nullius
1086 1501 1132 1537 ad
1157 1513 1236 1539 rem
1263 1502 1505 1553 adjuvandam
1530 1501 1706 1538 momenti
1733 1508 1791 1538 est
1816 1508 2025 1551 propterea,

249 1568 348 1622 quod
372 1567 423 1607 ibi
447 1566 515 1607 vix
537 1564 732 1618 quidquam
758 1562 881 1603 dicere
911 1569 977 1603 aut
1006 1563 1126 1603 voluit
1154 1570 1218 1604 aut
1249 1565 1369 1618 potuit
1399 1572 1507 1618 poeta
1540 1564 1659 1614 aliud,
1697 1564 1770 1604 nisi
1801 1565 2027 1605 circumiisse

248 1633 458 1672 Minervam
483 1633 627 1669 futuros
654 1628 869 1667 Telemachi
896 1629 1047 1667 comites
1074 1641 1211 1680 eosque
1236 1630 1282 1668 ad
1306 1637 1450 1682 portum
1476 1631 1677 1668 convenire
1702 1643 1809 1680 quam
1836 1630 2028 1668 celerrime

251 1706 289 1739 et
314 1697 559 1738 occultissime
585 1693 747 1747 potuerit
765 1692 939 1745 jussisse.

352 1781 415 1822 Ne
440 1781 521 1833 quis
547 1786 669 1821 autem
695 1777 840 1818 crimini
866 1777 972 1817 nobis
997 1785 1139 1827 vertat,
1168 1779 1264 1830 quod
1289 1792 1354 1819 eos
1382 1779 1427 1819 de
1452 1779 1635 1819 industria
1659 1778 1954 1831 praeterierimus
1974 1779 2028 1818 lo-

251 1861 335 1896 cos,
364 1859 519 1898 quorum
545 1856 677 1883 sensus
704 1854 752 1881 ne
778 1842 945 1881 admittat
970 1843 1115 1893 quidem
1142 1843 1251 1882 aliam
1283 1844 1395 1883 ullam
1419 1842 1536 1884 Verbi
1565 1838 1720 1897 φράζειν
1746 1843 2027 1894 explicationem

251 1913 324 1952 nisi
357 1924 429 1962 qua
459 1909 602 1948 dicendi
635 1908 692 1946 vis
723 1907 807 1945 huic
841 1907 1019 1946 vocabulo
1050 1908 1277 1947 vindicetur·
1311 1921 1399 1960 age,
1435 1909 1660 1960 proferamus
1673 1936 1684 1956 ,
1729 1921 1822 1958 quae
1856 1909 2029 1959 leguntur

252 1975 325 2016 od.
354 1973 390 2030 ζ,
414 1969 804 2024 mastusia-«1321
829 1972 1031 2021 λαυκότις,
1055 1974 1140 2013 ἐπεὶ
1165 1975 1385 2026 διεπέφραδε
1410 1968 1534 2027 κούρῃ.
1598 1972 1659 2010 Ad
1694 1985 1739 2011 ea
1770 1973 1884 2011 verba
1918 1986 2027 2024 quum

250 2042 290 2081 in
317 2038 444 2080 Schol.
478 2043 697 2077 annotetur.
741 2029 952 2088 διησημανι,
974 2040 1109 2075 tamen
1140 2035 1431 2091 N'agelsbachius
1463 2038 1490 2076 l.
1519 2037 1545 2076 l.
1574 2051 1609 2088 p.
1640 2036 1731 2076 319.
1771 2037 1861 2076 haec
1897 2037 2024 2075 habet:

249 2108 365 2158 „sn-⁸1
386 2104 609 2157 διεπέφραδε
633 2096 742 2157 κούρῃ
767 2099 849 2139 scil.
878 2098 1025 2151 πείνης
1053 2100 1246 2157 verql.11.
1275 2119 1311 2152 υ,
1340 2100 1584 2142 340.1)ies
1609 2101 1712 2142 will
1718 2101 1816 2141 aber
1826 2103 1898 2142 der
1906 2101 2028 2141 Dich-

250 2179 309 2213 ter
333 2170 446 2210 nieht
468 2166 737 2216 ausdriicken3
763 2179 810 2204 er
832 2171 922 2219 saqt
947 2166 1031 2206 also
1059 2166 1159 2207 blus:
1185 2166 1379 2208 nachaem
1407 2168 1465 2206 sie
1491 2181 1543 2206 zu
1568 2168 1656 2206 dem
1680 2166 1883 2206 ,wide-laen
1916 2180 2029 2205 aus-

247 2236 449 2293 qeredet
473 2234 626 2273 hatte.“
675 2230 730 2270 At
755 2230 989 2279 consideres,
1020 2244 1261 2284 quaesumus,
1301 2231 1491 2270 nobiscum
1518 2231 1723 2278 actionem,
1759 2233 1864 2283 cujus
1890 2232 2028 2283 primus

250 2300 355 2354 quasi
378 2305 489 2337 actus
513 2296 591 2342 his,
626 2306 719 2345 quae
743 2300 963 2342 tractamus,
997 2295 1120 2335 verbis
1156 2296 1387 2335 terminatur.
1450 2293 1624 2334 Minerva
1656 2295 1754 2333 enim
1788 2297 1905 2348 ejecto
1937 2303 2029 2334 tem-

249 2363 449 2418 pestatibus
483 2362 523 2401 in
547 2359 755 2399 Phaeacum
770 2358 928 2398 insulam
944 2356 1048 2398 Ulixi
1078 2360 1305 2400 subventura
1328 2360 1551 2401 Nausicaam
1579 2373 1645 2411 per
1671 2361 1830 2411 quietem
1850 2361 1959 2413 jubet
1984 2362 2027 2399 ad

248 2430 337 2469 litus
361 2427 504 2468 insulae
527 2425 748 2464 vestimenta
771 2423 931 2462 lavatum
955 2424 1067 2462 ferre.
1131 2420 1250 2476 Cujus
1282 2425 1338 2464 rei
1374 2431 1588 2477 potestatem
1624 2439 1696 2476 quo
1723 2432 1828 2476 pacto
1856 2426 1900 2464 ab
1925 2425 2029 2463 Alci-

250 2507 324 2533 noo
359 2499 461 2544 patre
494 2487 771 2529 nancisceretur
802 2500 912 2538 quum
943 2487 1100 2540 puellam
1133 2485 1215 2526 Dea
1248 2488 1474 2536 edocuisset,
1506 2490 1584 2541 jam
1619 2490 1918 2541 quemadmodum
1946 2490 2028 2528 data

249 2559 331 2611 eJus
366 2556 422 2595 rei
449 2554 634 2601 facultate,
663 2552 833 2604 quicquid
864 2565 954 2604 opus
989 2551 1036 2591 ad
1068 2552 1290 2591 lavationem
1316 2553 1517 2591 faciendam
1544 2561 1666 2602 esset,
1703 2555 1795 2592 scite
1821 2562 2026 2607 perageret,

249 2627 419 2661 accurate
447 2620 672 2658 demonstrat
695 2630 739 2655 ac
763 2618 951 2668 praecipit.
978 2616 1039 2656 Ad
1064 2615 1158 2654 hanc
1185 2618 1495 2656 commonstrandi
1522 2625 1631 2669 atque
1658 2619 1897 2670 praefiniendi
1915 2620 2027 2658 ratio·

250 2698 335 2726 nem
366 2683 598 2724 referendum
631 2695 714 2723 csse
747 2681 845 2722 hunc
877 2679 995 2722 Verbi
1032 2675 1187 2736 φρᾶξω
1224 2694 1331 2722 usum
1365 2695 1416 2722 ex
1447 2690 1619 2723 accurata
1650 2696 1750 2723 vers.
1787 2682 1853 2723 47.
1891 2690 1928 2722 et
1958 2682 2022 2722 48.
